%YAML 1.1
%TAG !u! tag:unity3d.com,2011:
--- !u!1 &72541526994458575
GameObject:
  m_ObjectHideFlags: 0
  m_CorrespondingSourceObject: {fileID: 0}
  m_PrefabInstance: {fileID: 0}
  m_PrefabAsset: {fileID: 0}
  serializedVersion: 6
  m_Component:
  - component: {fileID: 4757526658261657543}
  m_Layer: 0
  m_Name: endPosition
  m_TagString: Untagged
  m_Icon: {fileID: 0}
  m_NavMeshLayer: 0
  m_StaticEditorFlags: 0
  m_IsActive: 1
--- !u!4 &4757526658261657543
Transform:
  m_ObjectHideFlags: 0
  m_CorrespondingSourceObject: {fileID: 0}
  m_PrefabInstance: {fileID: 0}
  m_PrefabAsset: {fileID: 0}
  m_GameObject: {fileID: 72541526994458575}
  m_LocalRotation: {x: 0, y: 0, z: 0, w: 1}
  m_LocalPosition: {x: 0, y: 0, z: 107.87}
  m_LocalScale: {x: 1, y: 1, z: 1}
  m_Children: []
  m_Father: {fileID: 3687829309399133188}
  m_RootOrder: 4
  m_LocalEulerAnglesHint: {x: 0, y: 0, z: 0}
--- !u!1 &1881878031105522450
GameObject:
  m_ObjectHideFlags: 0
  m_CorrespondingSourceObject: {fileID: 0}
  m_PrefabInstance: {fileID: 0}
  m_PrefabAsset: {fileID: 0}
  serializedVersion: 6
  m_Component:
  - component: {fileID: 3541931321313865581}
  - component: {fileID: 2731158628297152136}
  m_Layer: 0
  m_Name: CubesController
  m_TagString: Untagged
  m_Icon: {fileID: 0}
  m_NavMeshLayer: 0
  m_StaticEditorFlags: 0
  m_IsActive: 1
--- !u!4 &3541931321313865581
Transform:
  m_ObjectHideFlags: 0
  m_CorrespondingSourceObject: {fileID: 0}
  m_PrefabInstance: {fileID: 0}
  m_PrefabAsset: {fileID: 0}
  m_GameObject: {fileID: 1881878031105522450}
  m_LocalRotation: {x: -0, y: -0, z: -0, w: 1}
  m_LocalPosition: {x: 0, y: 0, z: 0}
  m_LocalScale: {x: 1, y: 1, z: 1}
  m_Children: []
  m_Father: {fileID: 1508743299005942616}
  m_RootOrder: 0
  m_LocalEulerAnglesHint: {x: 0, y: 0, z: 0}
--- !u!114 &2731158628297152136
MonoBehaviour:
  m_ObjectHideFlags: 0
  m_CorrespondingSourceObject: {fileID: 0}
  m_PrefabInstance: {fileID: 0}
  m_PrefabAsset: {fileID: 0}
  m_GameObject: {fileID: 1881878031105522450}
  m_Enabled: 1
  m_EditorHideFlags: 0
  m_Script: {fileID: 11500000, guid: 2baccabf099dc4748b91e58ea12c2b0e, type: 3}
  m_Name: 
  m_EditorClassIdentifier: 
  zSpeed: 3.8
  xSpeed: 130
  cubesSpawnInfos:
  - localPosition: {x: 1, y: 0, z: 0.5}
    rotation: {x: -0, y: -0, z: -0, w: 1}
    scale: {x: 0.5, y: 0.5, z: 0.5}
  - localPosition: {x: 1, y: 0.5, z: 0.5}
    rotation: {x: -0, y: -0, z: -0, w: 1}
    scale: {x: 0.5, y: 0.5, z: 0.5}
  - localPosition: {x: 1, y: 1, z: 0.5}
    rotation: {x: -0, y: -0, z: -0, w: 1}
    scale: {x: 0.5, y: 0.5, z: 0.5}
  - localPosition: {x: 1, y: 1.5, z: 0.5}
    rotation: {x: -0, y: -0, z: -0, w: 1}
    scale: {x: 0.5, y: 0.5, z: 0.5}
  - localPosition: {x: 1, y: 2, z: 0.5}
    rotation: {x: -0, y: -0, z: -0, w: 1}
    scale: {x: 0.5, y: 0.5, z: 0.5}
  - localPosition: {x: 1, y: 0, z: 1.5}
    rotation: {x: -0, y: -0, z: -0, w: 1}
    scale: {x: 0.5, y: 0.5, z: 0.5}
  - localPosition: {x: 1, y: 0.5, z: 1.5}
    rotation: {x: -0, y: -0, z: -0, w: 1}
    scale: {x: 0.5, y: 0.5, z: 0.5}
  - localPosition: {x: 1, y: 1, z: 1.5}
    rotation: {x: -0, y: -0, z: -0, w: 1}
    scale: {x: 0.5, y: 0.5, z: 0.5}
  - localPosition: {x: 1, y: 1.5, z: 1.5}
    rotation: {x: -0, y: -0, z: -0, w: 1}
    scale: {x: 0.5, y: 0.5, z: 0.5}
  - localPosition: {x: 1, y: 2, z: 1.5}
    rotation: {x: -0, y: -0, z: -0, w: 1}
    scale: {x: 0.5, y: 0.5, z: 0.5}
  - localPosition: {x: 1, y: 0, z: -0.5}
    rotation: {x: -0, y: -0, z: -0, w: 1}
    scale: {x: 0.5, y: 0.5, z: 0.5}
  - localPosition: {x: 1, y: 0.5, z: -0.5}
    rotation: {x: -0, y: -0, z: -0, w: 1}
    scale: {x: 0.5, y: 0.5, z: 0.5}
  - localPosition: {x: 1, y: 1, z: -0.5}
    rotation: {x: -0, y: -0, z: -0, w: 1}
    scale: {x: 0.5, y: 0.5, z: 0.5}
  - localPosition: {x: 1, y: 1.5, z: -0.5}
    rotation: {x: -0, y: -0, z: -0, w: 1}
    scale: {x: 0.5, y: 0.5, z: 0.5}
  - localPosition: {x: 1, y: 2, z: -0.5}
    rotation: {x: -0, y: -0, z: -0, w: 1}
    scale: {x: 0.5, y: 0.5, z: 0.5}
  - localPosition: {x: -1, y: 0, z: -0.5}
    rotation: {x: -0, y: -0, z: -0, w: 1}
    scale: {x: 0.5, y: 0.5, z: 0.5}
  - localPosition: {x: -1, y: 0.5, z: -0.5}
    rotation: {x: -0, y: -0, z: -0, w: 1}
    scale: {x: 0.5, y: 0.5, z: 0.5}
  - localPosition: {x: -1, y: 1, z: -0.5}
    rotation: {x: -0, y: -0, z: -0, w: 1}
    scale: {x: 0.5, y: 0.5, z: 0.5}
  - localPosition: {x: -1, y: 1.5, z: -0.5}
    rotation: {x: -0, y: -0, z: -0, w: 1}
    scale: {x: 0.5, y: 0.5, z: 0.5}
  - localPosition: {x: -1, y: 2, z: -0.5}
    rotation: {x: -0, y: -0, z: -0, w: 1}
    scale: {x: 0.5, y: 0.5, z: 0.5}
  - localPosition: {x: -1, y: 0, z: 0.5}
    rotation: {x: -0, y: -0, z: -0, w: 1}
    scale: {x: 0.5, y: 0.5, z: 0.5}
  - localPosition: {x: -1, y: 0.5, z: 0.5}
    rotation: {x: -0, y: -0, z: -0, w: 1}
    scale: {x: 0.5, y: 0.5, z: 0.5}
  - localPosition: {x: -1, y: 1, z: 0.5}
    rotation: {x: -0, y: -0, z: -0, w: 1}
    scale: {x: 0.5, y: 0.5, z: 0.5}
  - localPosition: {x: -1, y: 1.5, z: 0.5}
    rotation: {x: -0, y: -0, z: -0, w: 1}
    scale: {x: 0.5, y: 0.5, z: 0.5}
  - localPosition: {x: -1, y: 2, z: 0.5}
    rotation: {x: -0, y: -0, z: -0, w: 1}
    scale: {x: 0.5, y: 0.5, z: 0.5}
  - localPosition: {x: -1, y: 0, z: 1.5}
    rotation: {x: -0, y: -0, z: -0, w: 1}
    scale: {x: 0.5, y: 0.5, z: 0.5}
  - localPosition: {x: -1, y: 0.5, z: 1.5}
    rotation: {x: -0, y: -0, z: -0, w: 1}
    scale: {x: 0.5, y: 0.5, z: 0.5}
  - localPosition: {x: -1, y: 1, z: 1.5}
    rotation: {x: -0, y: -0, z: -0, w: 1}
    scale: {x: 0.5, y: 0.5, z: 0.5}
  - localPosition: {x: -1, y: 1.5, z: 1.5}
    rotation: {x: -0, y: -0, z: -0, w: 1}
    scale: {x: 0.5, y: 0.5, z: 0.5}
  - localPosition: {x: -1, y: 2, z: 1.5}
    rotation: {x: -0, y: -0, z: -0, w: 1}
    scale: {x: 0.5, y: 0.5, z: 0.5}
  - localPosition: {x: -1.5, y: 0, z: 1}
    rotation: {x: -0, y: -0, z: -0, w: 1}
    scale: {x: 0.5, y: 0.5, z: 0.5}
  - localPosition: {x: -1.5, y: 0.5, z: 1}
    rotation: {x: -0, y: -0, z: -0, w: 1}
    scale: {x: 0.5, y: 0.5, z: 0.5}
  - localPosition: {x: -1.5, y: 1, z: 1}
    rotation: {x: -0, y: -0, z: -0, w: 1}
    scale: {x: 0.5, y: 0.5, z: 0.5}
  - localPosition: {x: -1.5, y: 1.5, z: 1}
    rotation: {x: -0, y: -0, z: -0, w: 1}
    scale: {x: 0.5, y: 0.5, z: 0.5}
  - localPosition: {x: -1.5, y: 2, z: 1}
    rotation: {x: -0, y: -0, z: -0, w: 1}
    scale: {x: 0.5, y: 0.5, z: 0.5}
  - localPosition: {x: -1.5, y: 0, z: 0}
    rotation: {x: -0, y: -0, z: -0, w: 1}
    scale: {x: 0.5, y: 0.5, z: 0.5}
  - localPosition: {x: -1.5, y: 0.5, z: 0}
    rotation: {x: -0, y: -0, z: -0, w: 1}
    scale: {x: 0.5, y: 0.5, z: 0.5}
  - localPosition: {x: -1.5, y: 1, z: 0}
    rotation: {x: -0, y: -0, z: -0, w: 1}
    scale: {x: 0.5, y: 0.5, z: 0.5}
  - localPosition: {x: -1.5, y: 1.5, z: 0}
    rotation: {x: -0, y: -0, z: -0, w: 1}
    scale: {x: 0.5, y: 0.5, z: 0.5}
  - localPosition: {x: -1.5, y: 2, z: 0}
    rotation: {x: -0, y: -0, z: -0, w: 1}
    scale: {x: 0.5, y: 0.5, z: 0.5}
  - localPosition: {x: 1.5, y: 0, z: 0}
    rotation: {x: -0, y: -0, z: -0, w: 1}
    scale: {x: 0.5, y: 0.5, z: 0.5}
  - localPosition: {x: 1.5, y: 0.5, z: 0}
    rotation: {x: -0, y: -0, z: -0, w: 1}
    scale: {x: 0.5, y: 0.5, z: 0.5}
  - localPosition: {x: 1.5, y: 1, z: 0}
    rotation: {x: -0, y: -0, z: -0, w: 1}
    scale: {x: 0.5, y: 0.5, z: 0.5}
  - localPosition: {x: 1.5, y: 1.5, z: 0}
    rotation: {x: -0, y: -0, z: -0, w: 1}
    scale: {x: 0.5, y: 0.5, z: 0.5}
  - localPosition: {x: 1.5, y: 2, z: 0}
    rotation: {x: -0, y: -0, z: -0, w: 1}
    scale: {x: 0.5, y: 0.5, z: 0.5}
  - localPosition: {x: 1.5, y: 0, z: 1}
    rotation: {x: -0, y: -0, z: -0, w: 1}
    scale: {x: 0.5, y: 0.5, z: 0.5}
  - localPosition: {x: 1.5, y: 0.5, z: 1}
    rotation: {x: -0, y: -0, z: -0, w: 1}
    scale: {x: 0.5, y: 0.5, z: 0.5}
  - localPosition: {x: 1.5, y: 1, z: 1}
    rotation: {x: -0, y: -0, z: -0, w: 1}
    scale: {x: 0.5, y: 0.5, z: 0.5}
  - localPosition: {x: 1.5, y: 1.5, z: 1}
    rotation: {x: -0, y: -0, z: -0, w: 1}
    scale: {x: 0.5, y: 0.5, z: 0.5}
  - localPosition: {x: 1.5, y: 2, z: 1}
    rotation: {x: -0, y: -0, z: -0, w: 1}
    scale: {x: 0.5, y: 0.5, z: 0.5}
  - localPosition: {x: 2, y: 0, z: 1.5}
    rotation: {x: -0, y: -0, z: -0, w: 1}
    scale: {x: 0.5, y: 0.5, z: 0.5}
  - localPosition: {x: 2, y: 0.5, z: 1.5}
    rotation: {x: -0, y: -0, z: -0, w: 1}
    scale: {x: 0.5, y: 0.5, z: 0.5}
  - localPosition: {x: 2, y: 1, z: 1.5}
    rotation: {x: -0, y: -0, z: -0, w: 1}
    scale: {x: 0.5, y: 0.5, z: 0.5}
  - localPosition: {x: 2, y: 1.5, z: 1.5}
    rotation: {x: -0, y: -0, z: -0, w: 1}
    scale: {x: 0.5, y: 0.5, z: 0.5}
  - localPosition: {x: 2, y: 2, z: 1.5}
    rotation: {x: -0, y: -0, z: -0, w: 1}
    scale: {x: 0.5, y: 0.5, z: 0.5}
  - localPosition: {x: 2, y: 0, z: 0.5}
    rotation: {x: -0, y: -0, z: -0, w: 1}
    scale: {x: 0.5, y: 0.5, z: 0.5}
  - localPosition: {x: 2, y: 0.5, z: 0.5}
    rotation: {x: -0, y: -0, z: -0, w: 1}
    scale: {x: 0.5, y: 0.5, z: 0.5}
  - localPosition: {x: 2, y: 1, z: 0.5}
    rotation: {x: -0, y: -0, z: -0, w: 1}
    scale: {x: 0.5, y: 0.5, z: 0.5}
  - localPosition: {x: 2, y: 1.5, z: 0.5}
    rotation: {x: -0, y: -0, z: -0, w: 1}
    scale: {x: 0.5, y: 0.5, z: 0.5}
  - localPosition: {x: 2, y: 2, z: 0.5}
    rotation: {x: -0, y: -0, z: -0, w: 1}
    scale: {x: 0.5, y: 0.5, z: 0.5}
  - localPosition: {x: 2, y: 0, z: -0.5}
    rotation: {x: -0, y: -0, z: -0, w: 1}
    scale: {x: 0.5, y: 0.5, z: 0.5}
  - localPosition: {x: 2, y: 0.5, z: -0.5}
    rotation: {x: -0, y: -0, z: -0, w: 1}
    scale: {x: 0.5, y: 0.5, z: 0.5}
  - localPosition: {x: 2, y: 1, z: -0.5}
    rotation: {x: -0, y: -0, z: -0, w: 1}
    scale: {x: 0.5, y: 0.5, z: 0.5}
  - localPosition: {x: 2, y: 1.5, z: -0.5}
    rotation: {x: -0, y: -0, z: -0, w: 1}
    scale: {x: 0.5, y: 0.5, z: 0.5}
  - localPosition: {x: 2, y: 2, z: -0.5}
    rotation: {x: -0, y: -0, z: -0, w: 1}
    scale: {x: 0.5, y: 0.5, z: 0.5}
  - localPosition: {x: -2, y: 0, z: -0.5}
    rotation: {x: -0, y: -0, z: -0, w: 1}
    scale: {x: 0.5, y: 0.5, z: 0.5}
  - localPosition: {x: -2, y: 0.5, z: -0.5}
    rotation: {x: -0, y: -0, z: -0, w: 1}
    scale: {x: 0.5, y: 0.5, z: 0.5}
  - localPosition: {x: -2, y: 1, z: -0.5}
    rotation: {x: -0, y: -0, z: -0, w: 1}
    scale: {x: 0.5, y: 0.5, z: 0.5}
  - localPosition: {x: -2, y: 1.5, z: -0.5}
    rotation: {x: -0, y: -0, z: -0, w: 1}
    scale: {x: 0.5, y: 0.5, z: 0.5}
  - localPosition: {x: -2, y: 2, z: -0.5}
    rotation: {x: -0, y: -0, z: -0, w: 1}
    scale: {x: 0.5, y: 0.5, z: 0.5}
  - localPosition: {x: -2, y: 0, z: 0.5}
    rotation: {x: -0, y: -0, z: -0, w: 1}
    scale: {x: 0.5, y: 0.5, z: 0.5}
  - localPosition: {x: -2, y: 0.5, z: 0.5}
    rotation: {x: -0, y: -0, z: -0, w: 1}
    scale: {x: 0.5, y: 0.5, z: 0.5}
  - localPosition: {x: -2, y: 1, z: 0.5}
    rotation: {x: -0, y: -0, z: -0, w: 1}
    scale: {x: 0.5, y: 0.5, z: 0.5}
  - localPosition: {x: -2, y: 1.5, z: 0.5}
    rotation: {x: -0, y: -0, z: -0, w: 1}
    scale: {x: 0.5, y: 0.5, z: 0.5}
  - localPosition: {x: -2, y: 2, z: 0.5}
    rotation: {x: -0, y: -0, z: -0, w: 1}
    scale: {x: 0.5, y: 0.5, z: 0.5}
  - localPosition: {x: -2, y: 0, z: 1.5}
    rotation: {x: -0, y: -0, z: -0, w: 1}
    scale: {x: 0.5, y: 0.5, z: 0.5}
  - localPosition: {x: -2, y: 0.5, z: 1.5}
    rotation: {x: -0, y: -0, z: -0, w: 1}
    scale: {x: 0.5, y: 0.5, z: 0.5}
  - localPosition: {x: -2, y: 1, z: 1.5}
    rotation: {x: -0, y: -0, z: -0, w: 1}
    scale: {x: 0.5, y: 0.5, z: 0.5}
  - localPosition: {x: -2, y: 1.5, z: 1.5}
    rotation: {x: -0, y: -0, z: -0, w: 1}
    scale: {x: 0.5, y: 0.5, z: 0.5}
  - localPosition: {x: -2, y: 2, z: 1.5}
    rotation: {x: -0, y: -0, z: -0, w: 1}
    scale: {x: 0.5, y: 0.5, z: 0.5}
  - localPosition: {x: 2.5, y: 0, z: 1}
    rotation: {x: -0, y: -0, z: -0, w: 1}
    scale: {x: 0.5, y: 0.5, z: 0.5}
  - localPosition: {x: 2.5, y: 0.5, z: 1}
    rotation: {x: -0, y: -0, z: -0, w: 1}
    scale: {x: 0.5, y: 0.5, z: 0.5}
  - localPosition: {x: 2.5, y: 1, z: 1}
    rotation: {x: -0, y: -0, z: -0, w: 1}
    scale: {x: 0.5, y: 0.5, z: 0.5}
  - localPosition: {x: 2.5, y: 1.5, z: 1}
    rotation: {x: -0, y: -0, z: -0, w: 1}
    scale: {x: 0.5, y: 0.5, z: 0.5}
  - localPosition: {x: 2.5, y: 2, z: 1}
    rotation: {x: -0, y: -0, z: -0, w: 1}
    scale: {x: 0.5, y: 0.5, z: 0.5}
  - localPosition: {x: 2.5, y: 0, z: 0}
    rotation: {x: -0, y: -0, z: -0, w: 1}
    scale: {x: 0.5, y: 0.5, z: 0.5}
  - localPosition: {x: 2.5, y: 0.5, z: 0}
    rotation: {x: -0, y: -0, z: -0, w: 1}
    scale: {x: 0.5, y: 0.5, z: 0.5}
  - localPosition: {x: 2.5, y: 1, z: 0}
    rotation: {x: -0, y: -0, z: -0, w: 1}
    scale: {x: 0.5, y: 0.5, z: 0.5}
  - localPosition: {x: 2.5, y: 1.5, z: 0}
    rotation: {x: -0, y: -0, z: -0, w: 1}
    scale: {x: 0.5, y: 0.5, z: 0.5}
  - localPosition: {x: 2.5, y: 2, z: 0}
    rotation: {x: -0, y: -0, z: -0, w: 1}
    scale: {x: 0.5, y: 0.5, z: 0.5}
  - localPosition: {x: -2.5, y: 0, z: 0}
    rotation: {x: -0, y: -0, z: -0, w: 1}
    scale: {x: 0.5, y: 0.5, z: 0.5}
  - localPosition: {x: -2.5, y: 0.5, z: 0}
    rotation: {x: -0, y: -0, z: -0, w: 1}
    scale: {x: 0.5, y: 0.5, z: 0.5}
  - localPosition: {x: -2.5, y: 1, z: 0}
    rotation: {x: -0, y: -0, z: -0, w: 1}
    scale: {x: 0.5, y: 0.5, z: 0.5}
  - localPosition: {x: -2.5, y: 1.5, z: 0}
    rotation: {x: -0, y: -0, z: -0, w: 1}
    scale: {x: 0.5, y: 0.5, z: 0.5}
  - localPosition: {x: -2.5, y: 2, z: 0}
    rotation: {x: -0, y: -0, z: -0, w: 1}
    scale: {x: 0.5, y: 0.5, z: 0.5}
  - localPosition: {x: -2.5, y: 0, z: 1}
    rotation: {x: -0, y: -0, z: -0, w: 1}
    scale: {x: 0.5, y: 0.5, z: 0.5}
  - localPosition: {x: -2.5, y: 0.5, z: 1}
    rotation: {x: -0, y: -0, z: -0, w: 1}
    scale: {x: 0.5, y: 0.5, z: 0.5}
  - localPosition: {x: -2.5, y: 1, z: 1}
    rotation: {x: -0, y: -0, z: -0, w: 1}
    scale: {x: 0.5, y: 0.5, z: 0.5}
  - localPosition: {x: -2.5, y: 1.5, z: 1}
    rotation: {x: -0, y: -0, z: -0, w: 1}
    scale: {x: 0.5, y: 0.5, z: 0.5}
  - localPosition: {x: -2.5, y: 2, z: 1}
    rotation: {x: -0, y: -0, z: -0, w: 1}
    scale: {x: 0.5, y: 0.5, z: 0.5}
  - localPosition: {x: -2.5, y: 0, z: -1}
    rotation: {x: -0, y: -0, z: -0, w: 1}
    scale: {x: 0.5, y: 0.5, z: 0.5}
  - localPosition: {x: -2.5, y: 0.5, z: -1}
    rotation: {x: -0, y: -0, z: -0, w: 1}
    scale: {x: 0.5, y: 0.5, z: 0.5}
  - localPosition: {x: -2.5, y: 1, z: -1}
    rotation: {x: -0, y: -0, z: -0, w: 1}
    scale: {x: 0.5, y: 0.5, z: 0.5}
  - localPosition: {x: -2.5, y: 1.5, z: -1}
    rotation: {x: -0, y: -0, z: -0, w: 1}
    scale: {x: 0.5, y: 0.5, z: 0.5}
  - localPosition: {x: -2.5, y: 2, z: -1}
    rotation: {x: -0, y: -0, z: -0, w: 1}
    scale: {x: 0.5, y: 0.5, z: 0.5}
  - localPosition: {x: -1.5, y: 0, z: -1}
    rotation: {x: -0, y: -0, z: -0, w: 1}
    scale: {x: 0.5, y: 0.5, z: 0.5}
  - localPosition: {x: -1.5, y: 0.5, z: -1}
    rotation: {x: -0, y: -0, z: -0, w: 1}
    scale: {x: 0.5, y: 0.5, z: 0.5}
  - localPosition: {x: -1.5, y: 1, z: -1}
    rotation: {x: -0, y: -0, z: -0, w: 1}
    scale: {x: 0.5, y: 0.5, z: 0.5}
  - localPosition: {x: -1.5, y: 1.5, z: -1}
    rotation: {x: -0, y: -0, z: -0, w: 1}
    scale: {x: 0.5, y: 0.5, z: 0.5}
  - localPosition: {x: -1.5, y: 2, z: -1}
    rotation: {x: -0, y: -0, z: -0, w: 1}
    scale: {x: 0.5, y: 0.5, z: 0.5}
  - localPosition: {x: 1.5, y: 0, z: -1}
    rotation: {x: -0, y: -0, z: -0, w: 1}
    scale: {x: 0.5, y: 0.5, z: 0.5}
  - localPosition: {x: 1.5, y: 0.5, z: -1}
    rotation: {x: -0, y: -0, z: -0, w: 1}
    scale: {x: 0.5, y: 0.5, z: 0.5}
  - localPosition: {x: 1.5, y: 1, z: -1}
    rotation: {x: -0, y: -0, z: -0, w: 1}
    scale: {x: 0.5, y: 0.5, z: 0.5}
  - localPosition: {x: 1.5, y: 1.5, z: -1}
    rotation: {x: -0, y: -0, z: -0, w: 1}
    scale: {x: 0.5, y: 0.5, z: 0.5}
  - localPosition: {x: 1.5, y: 2, z: -1}
    rotation: {x: -0, y: -0, z: -0, w: 1}
    scale: {x: 0.5, y: 0.5, z: 0.5}
  - localPosition: {x: 2.5, y: 0, z: -1}
    rotation: {x: -0, y: -0, z: -0, w: 1}
    scale: {x: 0.5, y: 0.5, z: 0.5}
  - localPosition: {x: 2.5, y: 0.5, z: -1}
    rotation: {x: -0, y: -0, z: -0, w: 1}
    scale: {x: 0.5, y: 0.5, z: 0.5}
  - localPosition: {x: 2.5, y: 1, z: -1}
    rotation: {x: -0, y: -0, z: -0, w: 1}
    scale: {x: 0.5, y: 0.5, z: 0.5}
  - localPosition: {x: 2.5, y: 1.5, z: -1}
    rotation: {x: -0, y: -0, z: -0, w: 1}
    scale: {x: 0.5, y: 0.5, z: 0.5}
  - localPosition: {x: 2.5, y: 2, z: -1}
    rotation: {x: -0, y: -0, z: -0, w: 1}
    scale: {x: 0.5, y: 0.5, z: 0.5}
  - localPosition: {x: -3, y: 0, z: 0.5}
    rotation: {x: -0, y: -0, z: -0, w: 1}
    scale: {x: 0.5, y: 0.5, z: 0.5}
  - localPosition: {x: -3, y: 0.5, z: 0.5}
    rotation: {x: -0, y: -0, z: -0, w: 1}
    scale: {x: 0.5, y: 0.5, z: 0.5}
  - localPosition: {x: -3, y: 1, z: 0.5}
    rotation: {x: -0, y: -0, z: -0, w: 1}
    scale: {x: 0.5, y: 0.5, z: 0.5}
  - localPosition: {x: -3, y: 1.5, z: 0.5}
    rotation: {x: -0, y: -0, z: -0, w: 1}
    scale: {x: 0.5, y: 0.5, z: 0.5}
  - localPosition: {x: -3, y: 2, z: 0.5}
    rotation: {x: -0, y: -0, z: -0, w: 1}
    scale: {x: 0.5, y: 0.5, z: 0.5}
  - localPosition: {x: -3, y: 0, z: 1.5}
    rotation: {x: -0, y: -0, z: -0, w: 1}
    scale: {x: 0.5, y: 0.5, z: 0.5}
  - localPosition: {x: -3, y: 0.5, z: 1.5}
    rotation: {x: -0, y: -0, z: -0, w: 1}
    scale: {x: 0.5, y: 0.5, z: 0.5}
  - localPosition: {x: -3, y: 1, z: 1.5}
    rotation: {x: -0, y: -0, z: -0, w: 1}
    scale: {x: 0.5, y: 0.5, z: 0.5}
  - localPosition: {x: -3, y: 1.5, z: 1.5}
    rotation: {x: -0, y: -0, z: -0, w: 1}
    scale: {x: 0.5, y: 0.5, z: 0.5}
  - localPosition: {x: -3, y: 2, z: 1.5}
    rotation: {x: -0, y: -0, z: -0, w: 1}
    scale: {x: 0.5, y: 0.5, z: 0.5}
  - localPosition: {x: -3, y: 0, z: -0.5}
    rotation: {x: -0, y: -0, z: -0, w: 1}
    scale: {x: 0.5, y: 0.5, z: 0.5}
  - localPosition: {x: -3, y: 0.5, z: -0.5}
    rotation: {x: -0, y: -0, z: -0, w: 1}
    scale: {x: 0.5, y: 0.5, z: 0.5}
  - localPosition: {x: -3, y: 1, z: -0.5}
    rotation: {x: -0, y: -0, z: -0, w: 1}
    scale: {x: 0.5, y: 0.5, z: 0.5}
  - localPosition: {x: -3, y: 1.5, z: -0.5}
    rotation: {x: -0, y: -0, z: -0, w: 1}
    scale: {x: 0.5, y: 0.5, z: 0.5}
  - localPosition: {x: -3, y: 2, z: -0.5}
    rotation: {x: -0, y: -0, z: -0, w: 1}
    scale: {x: 0.5, y: 0.5, z: 0.5}
  - localPosition: {x: -3.5, y: 0, z: 0}
    rotation: {x: -0, y: -0, z: -0, w: 1}
    scale: {x: 0.5, y: 0.5, z: 0.5}
  - localPosition: {x: -3.5, y: 0.5, z: 0}
    rotation: {x: -0, y: -0, z: -0, w: 1}
    scale: {x: 0.5, y: 0.5, z: 0.5}
  - localPosition: {x: -3.5, y: 1, z: 0}
    rotation: {x: -0, y: -0, z: -0, w: 1}
    scale: {x: 0.5, y: 0.5, z: 0.5}
  - localPosition: {x: -3.5, y: 1.5, z: 0}
    rotation: {x: -0, y: -0, z: -0, w: 1}
    scale: {x: 0.5, y: 0.5, z: 0.5}
  - localPosition: {x: -3.5, y: 2, z: 0}
    rotation: {x: -0, y: -0, z: -0, w: 1}
    scale: {x: 0.5, y: 0.5, z: 0.5}
  - localPosition: {x: -3.5, y: 0, z: 1}
    rotation: {x: -0, y: -0, z: -0, w: 1}
    scale: {x: 0.5, y: 0.5, z: 0.5}
  - localPosition: {x: -3.5, y: 0.5, z: 1}
    rotation: {x: -0, y: -0, z: -0, w: 1}
    scale: {x: 0.5, y: 0.5, z: 0.5}
  - localPosition: {x: -3.5, y: 1, z: 1}
    rotation: {x: -0, y: -0, z: -0, w: 1}
    scale: {x: 0.5, y: 0.5, z: 0.5}
  - localPosition: {x: -3.5, y: 1.5, z: 1}
    rotation: {x: -0, y: -0, z: -0, w: 1}
    scale: {x: 0.5, y: 0.5, z: 0.5}
  - localPosition: {x: -3.5, y: 2, z: 1}
    rotation: {x: -0, y: -0, z: -0, w: 1}
    scale: {x: 0.5, y: 0.5, z: 0.5}
  - localPosition: {x: -3.5, y: 0, z: -1}
    rotation: {x: -0, y: -0, z: -0, w: 1}
    scale: {x: 0.5, y: 0.5, z: 0.5}
  - localPosition: {x: -3.5, y: 0.5, z: -1}
    rotation: {x: -0, y: -0, z: -0, w: 1}
    scale: {x: 0.5, y: 0.5, z: 0.5}
  - localPosition: {x: -3.5, y: 1, z: -1}
    rotation: {x: -0, y: -0, z: -0, w: 1}
    scale: {x: 0.5, y: 0.5, z: 0.5}
  - localPosition: {x: -3.5, y: 1.5, z: -1}
    rotation: {x: -0, y: -0, z: -0, w: 1}
    scale: {x: 0.5, y: 0.5, z: 0.5}
  - localPosition: {x: -3.5, y: 2, z: -1}
    rotation: {x: -0, y: -0, z: -0, w: 1}
    scale: {x: 0.5, y: 0.5, z: 0.5}
  - localPosition: {x: 3, y: 0, z: 0.5}
    rotation: {x: -0, y: -0, z: -0, w: 1}
    scale: {x: 0.5, y: 0.5, z: 0.5}
  - localPosition: {x: 3, y: 0.5, z: 0.5}
    rotation: {x: -0, y: -0, z: -0, w: 1}
    scale: {x: 0.5, y: 0.5, z: 0.5}
  - localPosition: {x: 3, y: 1, z: 0.5}
    rotation: {x: -0, y: -0, z: -0, w: 1}
    scale: {x: 0.5, y: 0.5, z: 0.5}
  - localPosition: {x: 3, y: 1.5, z: 0.5}
    rotation: {x: -0, y: -0, z: -0, w: 1}
    scale: {x: 0.5, y: 0.5, z: 0.5}
  - localPosition: {x: 3, y: 2, z: 0.5}
    rotation: {x: -0, y: -0, z: -0, w: 1}
    scale: {x: 0.5, y: 0.5, z: 0.5}
  - localPosition: {x: 3, y: 0, z: 1.5}
    rotation: {x: -0, y: -0, z: -0, w: 1}
    scale: {x: 0.5, y: 0.5, z: 0.5}
  - localPosition: {x: 3, y: 0.5, z: 1.5}
    rotation: {x: -0, y: -0, z: -0, w: 1}
    scale: {x: 0.5, y: 0.5, z: 0.5}
  - localPosition: {x: 3, y: 1, z: 1.5}
    rotation: {x: -0, y: -0, z: -0, w: 1}
    scale: {x: 0.5, y: 0.5, z: 0.5}
  - localPosition: {x: 3, y: 1.5, z: 1.5}
    rotation: {x: -0, y: -0, z: -0, w: 1}
    scale: {x: 0.5, y: 0.5, z: 0.5}
  - localPosition: {x: 3, y: 2, z: 1.5}
    rotation: {x: -0, y: -0, z: -0, w: 1}
    scale: {x: 0.5, y: 0.5, z: 0.5}
  - localPosition: {x: 3, y: 0, z: -0.5}
    rotation: {x: -0, y: -0, z: -0, w: 1}
    scale: {x: 0.5, y: 0.5, z: 0.5}
  - localPosition: {x: 3, y: 0.5, z: -0.5}
    rotation: {x: -0, y: -0, z: -0, w: 1}
    scale: {x: 0.5, y: 0.5, z: 0.5}
  - localPosition: {x: 3, y: 1, z: -0.5}
    rotation: {x: -0, y: -0, z: -0, w: 1}
    scale: {x: 0.5, y: 0.5, z: 0.5}
  - localPosition: {x: 3, y: 1.5, z: -0.5}
    rotation: {x: -0, y: -0, z: -0, w: 1}
    scale: {x: 0.5, y: 0.5, z: 0.5}
  - localPosition: {x: 3, y: 2, z: -0.5}
    rotation: {x: -0, y: -0, z: -0, w: 1}
    scale: {x: 0.5, y: 0.5, z: 0.5}
  - localPosition: {x: 3.5, y: 0, z: 0}
    rotation: {x: -0, y: -0, z: -0, w: 1}
    scale: {x: 0.5, y: 0.5, z: 0.5}
  - localPosition: {x: 3.5, y: 0.5, z: 0}
    rotation: {x: -0, y: -0, z: -0, w: 1}
    scale: {x: 0.5, y: 0.5, z: 0.5}
  - localPosition: {x: 3.5, y: 1, z: 0}
    rotation: {x: -0, y: -0, z: -0, w: 1}
    scale: {x: 0.5, y: 0.5, z: 0.5}
  - localPosition: {x: 3.5, y: 1.5, z: 0}
    rotation: {x: -0, y: -0, z: -0, w: 1}
    scale: {x: 0.5, y: 0.5, z: 0.5}
  - localPosition: {x: 3.5, y: 2, z: 0}
    rotation: {x: -0, y: -0, z: -0, w: 1}
    scale: {x: 0.5, y: 0.5, z: 0.5}
  - localPosition: {x: 3.5, y: 0, z: 1}
    rotation: {x: -0, y: -0, z: -0, w: 1}
    scale: {x: 0.5, y: 0.5, z: 0.5}
  - localPosition: {x: 3.5, y: 0.5, z: 1}
    rotation: {x: -0, y: -0, z: -0, w: 1}
    scale: {x: 0.5, y: 0.5, z: 0.5}
  - localPosition: {x: 3.5, y: 1, z: 1}
    rotation: {x: -0, y: -0, z: -0, w: 1}
    scale: {x: 0.5, y: 0.5, z: 0.5}
  - localPosition: {x: 3.5, y: 1.5, z: 1}
    rotation: {x: -0, y: -0, z: -0, w: 1}
    scale: {x: 0.5, y: 0.5, z: 0.5}
  - localPosition: {x: 3.5, y: 2, z: 1}
    rotation: {x: -0, y: -0, z: -0, w: 1}
    scale: {x: 0.5, y: 0.5, z: 0.5}
  - localPosition: {x: 3.5, y: 0, z: -1}
    rotation: {x: -0, y: -0, z: -0, w: 1}
    scale: {x: 0.5, y: 0.5, z: 0.5}
  - localPosition: {x: 3.5, y: 0.5, z: -1}
    rotation: {x: -0, y: -0, z: -0, w: 1}
    scale: {x: 0.5, y: 0.5, z: 0.5}
  - localPosition: {x: 3.5, y: 1, z: -1}
    rotation: {x: -0, y: -0, z: -0, w: 1}
    scale: {x: 0.5, y: 0.5, z: 0.5}
  - localPosition: {x: 3.5, y: 1.5, z: -1}
    rotation: {x: -0, y: -0, z: -0, w: 1}
    scale: {x: 0.5, y: 0.5, z: 0.5}
  - localPosition: {x: 3.5, y: 2, z: -1}
    rotation: {x: -0, y: -0, z: -0, w: 1}
    scale: {x: 0.5, y: 0.5, z: 0.5}
  - localPosition: {x: 1, y: 2.5, z: 0.5}
    rotation: {x: -0, y: -0, z: -0, w: 1}
    scale: {x: 0.5, y: 0.5, z: 0.5}
  - localPosition: {x: 1, y: 2.5, z: 1.5}
    rotation: {x: -0, y: -0, z: -0, w: 1}
    scale: {x: 0.5, y: 0.5, z: 0.5}
  - localPosition: {x: 1, y: 2.5, z: -0.5}
    rotation: {x: -0, y: -0, z: -0, w: 1}
    scale: {x: 0.5, y: 0.5, z: 0.5}
  - localPosition: {x: -1, y: 2.5, z: -0.5}
    rotation: {x: -0, y: -0, z: -0, w: 1}
    scale: {x: 0.5, y: 0.5, z: 0.5}
  - localPosition: {x: -1, y: 2.5, z: 0.5}
    rotation: {x: -0, y: -0, z: -0, w: 1}
    scale: {x: 0.5, y: 0.5, z: 0.5}
  - localPosition: {x: -1, y: 2.5, z: 1.5}
    rotation: {x: -0, y: -0, z: -0, w: 1}
    scale: {x: 0.5, y: 0.5, z: 0.5}
  - localPosition: {x: -1.5, y: 2.5, z: 1}
    rotation: {x: -0, y: -0, z: -0, w: 1}
    scale: {x: 0.5, y: 0.5, z: 0.5}
  - localPosition: {x: -1.5, y: 2.5, z: 0}
    rotation: {x: -0, y: -0, z: -0, w: 1}
    scale: {x: 0.5, y: 0.5, z: 0.5}
  - localPosition: {x: 1.5, y: 2.5, z: 0}
    rotation: {x: -0, y: -0, z: -0, w: 1}
    scale: {x: 0.5, y: 0.5, z: 0.5}
  - localPosition: {x: 1.5, y: 2.5, z: 1}
    rotation: {x: -0, y: -0, z: -0, w: 1}
    scale: {x: 0.5, y: 0.5, z: 0.5}
  - localPosition: {x: 2, y: 2.5, z: 1.5}
    rotation: {x: -0, y: -0, z: -0, w: 1}
    scale: {x: 0.5, y: 0.5, z: 0.5}
  - localPosition: {x: 2, y: 2.5, z: 0.5}
    rotation: {x: -0, y: -0, z: -0, w: 1}
    scale: {x: 0.5, y: 0.5, z: 0.5}
  - localPosition: {x: 2, y: 2.5, z: -0.5}
    rotation: {x: -0, y: -0, z: -0, w: 1}
    scale: {x: 0.5, y: 0.5, z: 0.5}
  - localPosition: {x: -2, y: 2.5, z: -0.5}
    rotation: {x: -0, y: -0, z: -0, w: 1}
    scale: {x: 0.5, y: 0.5, z: 0.5}
  - localPosition: {x: -2, y: 2.5, z: 0.5}
    rotation: {x: -0, y: -0, z: -0, w: 1}
    scale: {x: 0.5, y: 0.5, z: 0.5}
  - localPosition: {x: -2, y: 2.5, z: 1.5}
    rotation: {x: -0, y: -0, z: -0, w: 1}
    scale: {x: 0.5, y: 0.5, z: 0.5}
  - localPosition: {x: 2.5, y: 2.5, z: 1}
    rotation: {x: -0, y: -0, z: -0, w: 1}
    scale: {x: 0.5, y: 0.5, z: 0.5}
  - localPosition: {x: 2.5, y: 2.5, z: 0}
    rotation: {x: -0, y: -0, z: -0, w: 1}
    scale: {x: 0.5, y: 0.5, z: 0.5}
  - localPosition: {x: -2.5, y: 2.5, z: 0}
    rotation: {x: -0, y: -0, z: -0, w: 1}
    scale: {x: 0.5, y: 0.5, z: 0.5}
  - localPosition: {x: -2.5, y: 2.5, z: 1}
    rotation: {x: -0, y: -0, z: -0, w: 1}
    scale: {x: 0.5, y: 0.5, z: 0.5}
  - localPosition: {x: -2.5, y: 2.5, z: -1}
    rotation: {x: -0, y: -0, z: -0, w: 1}
    scale: {x: 0.5, y: 0.5, z: 0.5}
  - localPosition: {x: -1.5, y: 2.5, z: -1}
    rotation: {x: -0, y: -0, z: -0, w: 1}
    scale: {x: 0.5, y: 0.5, z: 0.5}
  - localPosition: {x: 1.5, y: 2.5, z: -1}
    rotation: {x: -0, y: -0, z: -0, w: 1}
    scale: {x: 0.5, y: 0.5, z: 0.5}
  - localPosition: {x: 2.5, y: 2.5, z: -1}
    rotation: {x: -0, y: -0, z: -0, w: 1}
    scale: {x: 0.5, y: 0.5, z: 0.5}
  - localPosition: {x: -3, y: 2.5, z: 0.5}
    rotation: {x: -0, y: -0, z: -0, w: 1}
    scale: {x: 0.5, y: 0.5, z: 0.5}
  - localPosition: {x: -3, y: 2.5, z: 1.5}
    rotation: {x: -0, y: -0, z: -0, w: 1}
    scale: {x: 0.5, y: 0.5, z: 0.5}
  - localPosition: {x: -3, y: 2.5, z: -0.5}
    rotation: {x: -0, y: -0, z: -0, w: 1}
    scale: {x: 0.5, y: 0.5, z: 0.5}
  - localPosition: {x: -3.5, y: 2.5, z: 0}
    rotation: {x: -0, y: -0, z: -0, w: 1}
    scale: {x: 0.5, y: 0.5, z: 0.5}
  - localPosition: {x: -3.5, y: 2.5, z: 1}
    rotation: {x: -0, y: -0, z: -0, w: 1}
    scale: {x: 0.5, y: 0.5, z: 0.5}
  - localPosition: {x: -3.5, y: 2.5, z: -1}
    rotation: {x: -0, y: -0, z: -0, w: 1}
    scale: {x: 0.5, y: 0.5, z: 0.5}
  - localPosition: {x: 3, y: 2.5, z: 0.5}
    rotation: {x: -0, y: -0, z: -0, w: 1}
    scale: {x: 0.5, y: 0.5, z: 0.5}
  - localPosition: {x: 3, y: 2.5, z: 1.5}
    rotation: {x: -0, y: -0, z: -0, w: 1}
    scale: {x: 0.5, y: 0.5, z: 0.5}
  - localPosition: {x: 3, y: 2.5, z: -0.5}
    rotation: {x: -0, y: -0, z: -0, w: 1}
    scale: {x: 0.5, y: 0.5, z: 0.5}
  - localPosition: {x: 3.5, y: 2.5, z: 0}
    rotation: {x: -0, y: -0, z: -0, w: 1}
    scale: {x: 0.5, y: 0.5, z: 0.5}
  - localPosition: {x: 3.5, y: 2.5, z: 1}
    rotation: {x: -0, y: -0, z: -0, w: 1}
    scale: {x: 0.5, y: 0.5, z: 0.5}
  - localPosition: {x: 3.5, y: 2.5, z: -1}
    rotation: {x: -0, y: -0, z: -0, w: 1}
    scale: {x: 0.5, y: 0.5, z: 0.5}
  explodeEffectCurve:
    serializedVersion: 2
    m_Curve:
    - serializedVersion: 3
      time: 0
      value: 0
      inSlope: 2
      outSlope: 2
      tangentMode: 0
      weightedMode: 0
      inWeight: 0
      outWeight: 0
    - serializedVersion: 3
      time: 1
      value: 1
      inSlope: 0
      outSlope: 0
      tangentMode: 0
      weightedMode: 0
      inWeight: 0
      outWeight: 0
    m_PreInfinity: 2
    m_PostInfinity: 2
    m_RotationOrder: 4
--- !u!1 &4847056989893124800
GameObject:
  m_ObjectHideFlags: 0
  m_CorrespondingSourceObject: {fileID: 0}
  m_PrefabInstance: {fileID: 0}
  m_PrefabAsset: {fileID: 0}
  serializedVersion: 6
  m_Component:
  - component: {fileID: 3636380832030512655}
  - component: {fileID: 6031487080439671903}
  - component: {fileID: 3072434151789123168}
  - component: {fileID: 6323536784710057344}
  m_Layer: 0
  m_Name: border_right
  m_TagString: Untagged
  m_Icon: {fileID: 0}
  m_NavMeshLayer: 0
  m_StaticEditorFlags: 0
  m_IsActive: 1
--- !u!4 &3636380832030512655
Transform:
  m_ObjectHideFlags: 0
  m_CorrespondingSourceObject: {fileID: 0}
  m_PrefabInstance: {fileID: 0}
  m_PrefabAsset: {fileID: 0}
  m_GameObject: {fileID: 4847056989893124800}
  m_LocalRotation: {x: 0, y: 0, z: 0, w: 1}
  m_LocalPosition: {x: 5.0769, y: -6.09, z: 30.399996}
  m_LocalScale: {x: 0.1538, y: 1, z: 60.431606}
  m_Children: []
  m_Father: {fileID: 3687829309399133188}
  m_RootOrder: 6
  m_LocalEulerAnglesHint: {x: 0, y: 0, z: 0}
--- !u!33 &6031487080439671903
MeshFilter:
  m_ObjectHideFlags: 0
  m_CorrespondingSourceObject: {fileID: 0}
  m_PrefabInstance: {fileID: 0}
  m_PrefabAsset: {fileID: 0}
  m_GameObject: {fileID: 4847056989893124800}
  m_Mesh: {fileID: 10202, guid: 0000000000000000e000000000000000, type: 0}
--- !u!23 &3072434151789123168
MeshRenderer:
  m_ObjectHideFlags: 0
  m_CorrespondingSourceObject: {fileID: 0}
  m_PrefabInstance: {fileID: 0}
  m_PrefabAsset: {fileID: 0}
  m_GameObject: {fileID: 4847056989893124800}
  m_Enabled: 1
  m_CastShadows: 1
  m_ReceiveShadows: 1
  m_DynamicOccludee: 1
  m_MotionVectors: 1
  m_LightProbeUsage: 1
  m_ReflectionProbeUsage: 1
  m_RenderingLayerMask: 1
  m_RendererPriority: 0
  m_Materials:
  - {fileID: 2100000, guid: f633a029a9aa946a9b4c33c85c07d5c7, type: 2}
  m_StaticBatchInfo:
    firstSubMesh: 0
    subMeshCount: 0
  m_StaticBatchRoot: {fileID: 0}
  m_ProbeAnchor: {fileID: 0}
  m_LightProbeVolumeOverride: {fileID: 0}
  m_ScaleInLightmap: 1
  m_PreserveUVs: 0
  m_IgnoreNormalsForChartDetection: 0
  m_ImportantGI: 0
  m_StitchLightmapSeams: 1
  m_SelectedEditorRenderState: 3
  m_MinimumChartSize: 4
  m_AutoUVMaxDistance: 0.5
  m_AutoUVMaxAngle: 89
  m_LightmapParameters: {fileID: 0}
  m_SortingLayerID: 0
  m_SortingLayer: 0
  m_SortingOrder: 0
--- !u!65 &6323536784710057344
BoxCollider:
  m_ObjectHideFlags: 0
  m_CorrespondingSourceObject: {fileID: 0}
  m_PrefabInstance: {fileID: 0}
  m_PrefabAsset: {fileID: 0}
  m_GameObject: {fileID: 4847056989893124800}
  m_Material: {fileID: 0}
  m_IsTrigger: 1
  m_Enabled: 1
  serializedVersion: 2
  m_Size: {x: 1, y: 1, z: 1}
  m_Center: {x: 0, y: 0, z: 0}
--- !u!1 &5334744129147371567
GameObject:
  m_ObjectHideFlags: 0
  m_CorrespondingSourceObject: {fileID: 0}
  m_PrefabInstance: {fileID: 0}
  m_PrefabAsset: {fileID: 0}
  serializedVersion: 6
  m_Component:
  - component: {fileID: 215211915604998853}
  - component: {fileID: 6456293915532677503}
  - component: {fileID: 2233033537167462947}
  - component: {fileID: 5837930592999215367}
  m_Layer: 0
  m_Name: Plane (1)
  m_TagString: Untagged
  m_Icon: {fileID: 0}
  m_NavMeshLayer: 0
  m_StaticEditorFlags: 0
  m_IsActive: 1
--- !u!4 &215211915604998853
Transform:
  m_ObjectHideFlags: 0
  m_CorrespondingSourceObject: {fileID: 0}
  m_PrefabInstance: {fileID: 0}
  m_PrefabAsset: {fileID: 0}
  m_GameObject: {fileID: 5334744129147371567}
  m_LocalRotation: {x: 0, y: 0, z: 0, w: 1}
  m_LocalPosition: {x: 0, y: -6.18, z: 16.971}
  m_LocalScale: {x: 1, y: 1, z: 3.350472}
  m_Children: []
  m_Father: {fileID: 3687829309399133188}
  m_RootOrder: 8
  m_LocalEulerAnglesHint: {x: 0, y: 0, z: 0}
--- !u!33 &6456293915532677503
MeshFilter:
  m_ObjectHideFlags: 0
  m_CorrespondingSourceObject: {fileID: 0}
  m_PrefabInstance: {fileID: 0}
  m_PrefabAsset: {fileID: 0}
  m_GameObject: {fileID: 5334744129147371567}
  m_Mesh: {fileID: 10209, guid: 0000000000000000e000000000000000, type: 0}
--- !u!23 &2233033537167462947
MeshRenderer:
  m_ObjectHideFlags: 0
  m_CorrespondingSourceObject: {fileID: 0}
  m_PrefabInstance: {fileID: 0}
  m_PrefabAsset: {fileID: 0}
  m_GameObject: {fileID: 5334744129147371567}
  m_Enabled: 1
  m_CastShadows: 1
  m_ReceiveShadows: 1
  m_DynamicOccludee: 1
  m_MotionVectors: 1
  m_LightProbeUsage: 1
  m_ReflectionProbeUsage: 1
  m_RenderingLayerMask: 1
  m_RendererPriority: 0
  m_Materials:
  - {fileID: 2100000, guid: 084ee6ef7673f429d947ada533daa495, type: 2}
  m_StaticBatchInfo:
    firstSubMesh: 0
    subMeshCount: 0
  m_StaticBatchRoot: {fileID: 0}
  m_ProbeAnchor: {fileID: 0}
  m_LightProbeVolumeOverride: {fileID: 0}
  m_ScaleInLightmap: 1
  m_PreserveUVs: 0
  m_IgnoreNormalsForChartDetection: 0
  m_ImportantGI: 0
  m_StitchLightmapSeams: 1
  m_SelectedEditorRenderState: 3
  m_MinimumChartSize: 4
  m_AutoUVMaxDistance: 0.5
  m_AutoUVMaxAngle: 89
  m_LightmapParameters: {fileID: 0}
  m_SortingLayerID: 0
  m_SortingLayer: 0
  m_SortingOrder: 0
--- !u!64 &5837930592999215367
MeshCollider:
  m_ObjectHideFlags: 0
  m_CorrespondingSourceObject: {fileID: 0}
  m_PrefabInstance: {fileID: 0}
  m_PrefabAsset: {fileID: 0}
  m_GameObject: {fileID: 5334744129147371567}
  m_Material: {fileID: 0}
  m_IsTrigger: 0
  m_Enabled: 1
  serializedVersion: 3
  m_Convex: 0
  m_CookingOptions: 14
  m_Mesh: {fileID: 10209, guid: 0000000000000000e000000000000000, type: 0}
--- !u!1 &5702396922968067536
GameObject:
  m_ObjectHideFlags: 0
  m_CorrespondingSourceObject: {fileID: 0}
  m_PrefabInstance: {fileID: 0}
  m_PrefabAsset: {fileID: 0}
  serializedVersion: 6
  m_Component:
  - component: {fileID: 5702396922968067540}
  - component: {fileID: 5702396922968067541}
  - component: {fileID: 5702396922968067538}
  - component: {fileID: 5702396922968067539}
  m_Layer: 0
  m_Name: Plane
  m_TagString: Untagged
  m_Icon: {fileID: 0}
  m_NavMeshLayer: 0
  m_StaticEditorFlags: 0
  m_IsActive: 1
--- !u!4 &5702396922968067540
Transform:
  m_ObjectHideFlags: 0
  m_CorrespondingSourceObject: {fileID: 0}
  m_PrefabInstance: {fileID: 0}
  m_PrefabAsset: {fileID: 0}
  m_GameObject: {fileID: 5702396922968067536}
  m_LocalRotation: {x: 0, y: 0, z: 0, w: 1}
  m_LocalPosition: {x: 0, y: -6.18, z: 46.621}
  m_LocalScale: {x: 1, y: 1, z: 2.636775}
  m_Children: []
  m_Father: {fileID: 3687829309399133188}
  m_RootOrder: 0
  m_LocalEulerAnglesHint: {x: 0, y: 0, z: 0}
--- !u!33 &5702396922968067541
MeshFilter:
  m_ObjectHideFlags: 0
  m_CorrespondingSourceObject: {fileID: 0}
  m_PrefabInstance: {fileID: 0}
  m_PrefabAsset: {fileID: 0}
  m_GameObject: {fileID: 5702396922968067536}
  m_Mesh: {fileID: 10209, guid: 0000000000000000e000000000000000, type: 0}
--- !u!23 &5702396922968067538
MeshRenderer:
  m_ObjectHideFlags: 0
  m_CorrespondingSourceObject: {fileID: 0}
  m_PrefabInstance: {fileID: 0}
  m_PrefabAsset: {fileID: 0}
  m_GameObject: {fileID: 5702396922968067536}
  m_Enabled: 1
  m_CastShadows: 1
  m_ReceiveShadows: 1
  m_DynamicOccludee: 1
  m_MotionVectors: 1
  m_LightProbeUsage: 1
  m_ReflectionProbeUsage: 1
  m_RenderingLayerMask: 1
  m_RendererPriority: 0
  m_Materials:
  - {fileID: 2100000, guid: 084ee6ef7673f429d947ada533daa495, type: 2}
  m_StaticBatchInfo:
    firstSubMesh: 0
    subMeshCount: 0
  m_StaticBatchRoot: {fileID: 0}
  m_ProbeAnchor: {fileID: 0}
  m_LightProbeVolumeOverride: {fileID: 0}
  m_ScaleInLightmap: 1
  m_PreserveUVs: 0
  m_IgnoreNormalsForChartDetection: 0
  m_ImportantGI: 0
  m_StitchLightmapSeams: 1
  m_SelectedEditorRenderState: 3
  m_MinimumChartSize: 4
  m_AutoUVMaxDistance: 0.5
  m_AutoUVMaxAngle: 89
  m_LightmapParameters: {fileID: 0}
  m_SortingLayerID: 0
  m_SortingLayer: 0
  m_SortingOrder: 0
--- !u!64 &5702396922968067539
MeshCollider:
  m_ObjectHideFlags: 0
  m_CorrespondingSourceObject: {fileID: 0}
  m_PrefabInstance: {fileID: 0}
  m_PrefabAsset: {fileID: 0}
  m_GameObject: {fileID: 5702396922968067536}
  m_Material: {fileID: 0}
  m_IsTrigger: 0
  m_Enabled: 1
  serializedVersion: 3
  m_Convex: 0
  m_CookingOptions: 14
  m_Mesh: {fileID: 10209, guid: 0000000000000000e000000000000000, type: 0}
--- !u!1 &6232134441742252336
GameObject:
  m_ObjectHideFlags: 0
  m_CorrespondingSourceObject: {fileID: 0}
  m_PrefabInstance: {fileID: 0}
  m_PrefabAsset: {fileID: 0}
  serializedVersion: 6
  m_Component:
  - component: {fileID: 1508743299005942616}
  m_Layer: 0
  m_Name: CubesControllerInitPosition
  m_TagString: Untagged
  m_Icon: {fileID: 0}
  m_NavMeshLayer: 0
  m_StaticEditorFlags: 0
  m_IsActive: 1
--- !u!4 &1508743299005942616
Transform:
  m_ObjectHideFlags: 0
  m_CorrespondingSourceObject: {fileID: 0}
  m_PrefabInstance: {fileID: 0}
  m_PrefabAsset: {fileID: 0}
  m_GameObject: {fileID: 6232134441742252336}
  m_LocalRotation: {x: -0, y: -0, z: -0, w: 1}
  m_LocalPosition: {x: 0, y: -5.54, z: 5.03}
  m_LocalScale: {x: 1, y: 1, z: 1}
  m_Children:
  - {fileID: 3541931321313865581}
  m_Father: {fileID: 3687829309399133188}
  m_RootOrder: 1
  m_LocalEulerAnglesHint: {x: 0, y: 0, z: 0}
--- !u!1 &6798035557937604819
GameObject:
  m_ObjectHideFlags: 0
  m_CorrespondingSourceObject: {fileID: 0}
  m_PrefabInstance: {fileID: 0}
  m_PrefabAsset: {fileID: 0}
  serializedVersion: 6
  m_Component:
  - component: {fileID: 919135092588130712}
  - component: {fileID: 5996476841230284719}
  - component: {fileID: 2181451308833088329}
  - component: {fileID: 4074370670607565944}
  m_Layer: 0
  m_Name: border_left
  m_TagString: Untagged
  m_Icon: {fileID: 0}
  m_NavMeshLayer: 0
  m_StaticEditorFlags: 0
  m_IsActive: 1
--- !u!4 &919135092588130712
Transform:
  m_ObjectHideFlags: 0
  m_CorrespondingSourceObject: {fileID: 0}
  m_PrefabInstance: {fileID: 0}
  m_PrefabAsset: {fileID: 0}
  m_GameObject: {fileID: 6798035557937604819}
  m_LocalRotation: {x: 0, y: 0, z: 0, w: 1}
  m_LocalPosition: {x: -5.07, y: -6.09, z: 30.399996}
  m_LocalScale: {x: 0.1538, y: 1, z: 60.431606}
  m_Children: []
  m_Father: {fileID: 3687829309399133188}
  m_RootOrder: 7
  m_LocalEulerAnglesHint: {x: 0, y: 0, z: 0}
--- !u!33 &5996476841230284719
MeshFilter:
  m_ObjectHideFlags: 0
  m_CorrespondingSourceObject: {fileID: 0}
  m_PrefabInstance: {fileID: 0}
  m_PrefabAsset: {fileID: 0}
  m_GameObject: {fileID: 6798035557937604819}
  m_Mesh: {fileID: 10202, guid: 0000000000000000e000000000000000, type: 0}
--- !u!23 &2181451308833088329
MeshRenderer:
  m_ObjectHideFlags: 0
  m_CorrespondingSourceObject: {fileID: 0}
  m_PrefabInstance: {fileID: 0}
  m_PrefabAsset: {fileID: 0}
  m_GameObject: {fileID: 6798035557937604819}
  m_Enabled: 1
  m_CastShadows: 1
  m_ReceiveShadows: 1
  m_DynamicOccludee: 1
  m_MotionVectors: 1
  m_LightProbeUsage: 1
  m_ReflectionProbeUsage: 1
  m_RenderingLayerMask: 1
  m_RendererPriority: 0
  m_Materials:
  - {fileID: 2100000, guid: f633a029a9aa946a9b4c33c85c07d5c7, type: 2}
  m_StaticBatchInfo:
    firstSubMesh: 0
    subMeshCount: 0
  m_StaticBatchRoot: {fileID: 0}
  m_ProbeAnchor: {fileID: 0}
  m_LightProbeVolumeOverride: {fileID: 0}
  m_ScaleInLightmap: 1
  m_PreserveUVs: 0
  m_IgnoreNormalsForChartDetection: 0
  m_ImportantGI: 0
  m_StitchLightmapSeams: 1
  m_SelectedEditorRenderState: 3
  m_MinimumChartSize: 4
  m_AutoUVMaxDistance: 0.5
  m_AutoUVMaxAngle: 89
  m_LightmapParameters: {fileID: 0}
  m_SortingLayerID: 0
  m_SortingLayer: 0
  m_SortingOrder: 0
--- !u!65 &4074370670607565944
BoxCollider:
  m_ObjectHideFlags: 0
  m_CorrespondingSourceObject: {fileID: 0}
  m_PrefabInstance: {fileID: 0}
  m_PrefabAsset: {fileID: 0}
  m_GameObject: {fileID: 6798035557937604819}
  m_Material: {fileID: 0}
  m_IsTrigger: 1
  m_Enabled: 1
  serializedVersion: 2
  m_Size: {x: 1, y: 1, z: 1}
  m_Center: {x: 0, y: 0, z: 0}
--- !u!1 &6819719233264223458
GameObject:
  m_ObjectHideFlags: 0
  m_CorrespondingSourceObject: {fileID: 0}
  m_PrefabInstance: {fileID: 0}
  m_PrefabAsset: {fileID: 0}
  serializedVersion: 6
  m_Component:
  - component: {fileID: 3687829309399133188}
  - component: {fileID: 370694633102440768}
  - component: {fileID: 7154379777144579620}
  - component: {fileID: 3341609707910104639}
  m_Layer: 0
  m_Name: Stage1
  m_TagString: Untagged
  m_Icon: {fileID: 0}
  m_NavMeshLayer: 0
  m_StaticEditorFlags: 0
  m_IsActive: 1
--- !u!4 &3687829309399133188
Transform:
  m_ObjectHideFlags: 0
  m_CorrespondingSourceObject: {fileID: 0}
  m_PrefabInstance: {fileID: 0}
  m_PrefabAsset: {fileID: 0}
  m_GameObject: {fileID: 6819719233264223458}
  m_LocalRotation: {x: 0, y: 0, z: 0, w: 1}
  m_LocalPosition: {x: 0, y: 0, z: 0}
  m_LocalScale: {x: 1, y: 1, z: 1}
  m_Children:
  - {fileID: 5702396922968067540}
  - {fileID: 1508743299005942616}
  - {fileID: 5519398772131527030}
  - {fileID: 941934343970783635}
  - {fileID: 4757526658261657543}
  - {fileID: 5163242267209687903}
  - {fileID: 3636380832030512655}
  - {fileID: 919135092588130712}
  - {fileID: 215211915604998853}
  - {fileID: 43160308369495135}
  m_Father: {fileID: 0}
  m_RootOrder: 0
  m_LocalEulerAnglesHint: {x: 0, y: 0, z: 0}
--- !u!114 &370694633102440768
MonoBehaviour:
  m_ObjectHideFlags: 0
  m_CorrespondingSourceObject: {fileID: 0}
  m_PrefabInstance: {fileID: 0}
  m_PrefabAsset: {fileID: 0}
  m_GameObject: {fileID: 6819719233264223458}
  m_Enabled: 1
  m_EditorHideFlags: 0
  m_Script: {fileID: 11500000, guid: 4ddf5d709412d4b9e96a2191ab0dcefe, type: 3}
  m_Name: 
  m_EditorClassIdentifier: 
  cubesController: {fileID: 2731158628297152136}
  waterMeshRenderer: {fileID: 1231843708312166452}
  stageEndTransform: {fileID: 4757526658261657543}
  cubesControllerInitTransform: {fileID: 1508743299005942616}
--- !u!114 &7154379777144579620
MonoBehaviour:
  m_ObjectHideFlags: 0
  m_CorrespondingSourceObject: {fileID: 0}
  m_PrefabInstance: {fileID: 0}
  m_PrefabAsset: {fileID: 0}
  m_GameObject: {fileID: 6819719233264223458}
  m_Enabled: 1
  m_EditorHideFlags: 0
  m_Script: {fileID: 11500000, guid: 2b8af512f780c4754a209812de42b49c, type: 3}
  m_Name: 
  m_EditorClassIdentifier: 
--- !u!65 &3341609707910104639
BoxCollider:
  m_ObjectHideFlags: 0
  m_CorrespondingSourceObject: {fileID: 0}
  m_PrefabInstance: {fileID: 0}
  m_PrefabAsset: {fileID: 0}
  m_GameObject: {fileID: 6819719233264223458}
  m_Material: {fileID: 0}
  m_IsTrigger: 0
  m_Enabled: 1
  serializedVersion: 2
  m_Size: {x: 10.65, y: 1, z: 60}
  m_Center: {x: 0, y: -7.6, z: 30}
--- !u!1 &6827494240700375340
GameObject:
  m_ObjectHideFlags: 0
  m_CorrespondingSourceObject: {fileID: 0}
  m_PrefabInstance: {fileID: 0}
  m_PrefabAsset: {fileID: 0}
  serializedVersion: 6
  m_Component:
  - component: {fileID: 5163242267209687903}
  - component: {fileID: 3837543327183378199}
  - component: {fileID: 1231843708312166452}
  - component: {fileID: 5514896527847527239}
  m_Layer: 0
  m_Name: Water
  m_TagString: Untagged
  m_Icon: {fileID: 0}
  m_NavMeshLayer: 0
  m_StaticEditorFlags: 0
  m_IsActive: 1
--- !u!4 &5163242267209687903
Transform:
  m_ObjectHideFlags: 0
  m_CorrespondingSourceObject: {fileID: 0}
  m_PrefabInstance: {fileID: 0}
  m_PrefabAsset: {fileID: 0}
  m_GameObject: {fileID: 6827494240700375340}
  m_LocalRotation: {x: 0, y: 0, z: 0, w: 1}
  m_LocalPosition: {x: -19.1, y: -13.3, z: 0}
  m_LocalScale: {x: 1, y: 1, z: 1}
  m_Children:
  - {fileID: 8069022188199522739}
  m_Father: {fileID: 3687829309399133188}
  m_RootOrder: 5
  m_LocalEulerAnglesHint: {x: 0, y: 0, z: 0}
--- !u!33 &3837543327183378199
MeshFilter:
  m_ObjectHideFlags: 0
  m_CorrespondingSourceObject: {fileID: 0}
  m_PrefabInstance: {fileID: 0}
  m_PrefabAsset: {fileID: 0}
  m_GameObject: {fileID: 6827494240700375340}
  m_Mesh: {fileID: 4300000, guid: bd734c1ee9d4d48bfba6177a1f78dbe9, type: 2}
--- !u!23 &1231843708312166452
MeshRenderer:
  m_ObjectHideFlags: 0
  m_CorrespondingSourceObject: {fileID: 0}
  m_PrefabInstance: {fileID: 0}
  m_PrefabAsset: {fileID: 0}
  m_GameObject: {fileID: 6827494240700375340}
  m_Enabled: 1
  m_CastShadows: 1
  m_ReceiveShadows: 1
  m_DynamicOccludee: 1
  m_MotionVectors: 1
  m_LightProbeUsage: 1
  m_ReflectionProbeUsage: 1
  m_RenderingLayerMask: 1
  m_RendererPriority: 0
  m_Materials:
  - {fileID: 2100000, guid: d7a8f2394e5b94406b469265e1f1979d, type: 2}
  m_StaticBatchInfo:
    firstSubMesh: 0
    subMeshCount: 0
  m_StaticBatchRoot: {fileID: 0}
  m_ProbeAnchor: {fileID: 0}
  m_LightProbeVolumeOverride: {fileID: 0}
  m_ScaleInLightmap: 1
  m_PreserveUVs: 0
  m_IgnoreNormalsForChartDetection: 0
  m_ImportantGI: 0
  m_StitchLightmapSeams: 1
  m_SelectedEditorRenderState: 3
  m_MinimumChartSize: 4
  m_AutoUVMaxDistance: 0.5
  m_AutoUVMaxAngle: 89
  m_LightmapParameters: {fileID: 0}
  m_SortingLayerID: 0
  m_SortingLayer: 0
  m_SortingOrder: 0
--- !u!114 &5514896527847527239
MonoBehaviour:
  m_ObjectHideFlags: 0
  m_CorrespondingSourceObject: {fileID: 0}
  m_PrefabInstance: {fileID: 0}
  m_PrefabAsset: {fileID: 0}
  m_GameObject: {fileID: 6827494240700375340}
  m_Enabled: 1
  m_EditorHideFlags: 0
  m_Script: {fileID: 11500000, guid: a7e40b19189b74d8dbfe2b779db333db, type: 3}
  m_Name: 
  m_EditorClassIdentifier: 
  endTransform: {fileID: 8069022188199522739}
  meshRenderer: {fileID: 1231843708312166452}
--- !u!1 &6986969163785083135
GameObject:
  m_ObjectHideFlags: 0
  m_CorrespondingSourceObject: {fileID: 0}
  m_PrefabInstance: {fileID: 0}
  m_PrefabAsset: {fileID: 0}
  serializedVersion: 6
  m_Component:
  - component: {fileID: 941934343970783635}
  - component: {fileID: 4874642973055884831}
  - component: {fileID: 7041313814138573351}
  - component: {fileID: 8195529045554106224}
  - component: {fileID: 4798263937393361502}
  m_Layer: 0
  m_Name: LoseLine
  m_TagString: Untagged
  m_Icon: {fileID: 0}
  m_NavMeshLayer: 0
  m_StaticEditorFlags: 0
  m_IsActive: 1
--- !u!4 &941934343970783635
Transform:
  m_ObjectHideFlags: 0
  m_CorrespondingSourceObject: {fileID: 0}
  m_PrefabInstance: {fileID: 0}
  m_PrefabAsset: {fileID: 0}
  m_GameObject: {fileID: 6986969163785083135}
  m_LocalRotation: {x: 0, y: 0, z: 0, w: 1}
  m_LocalPosition: {x: 0, y: -5.68, z: 60.109993}
  m_LocalScale: {x: 10.32368, y: 1, z: 1}
  m_Children: []
  m_Father: {fileID: 3687829309399133188}
  m_RootOrder: 3
  m_LocalEulerAnglesHint: {x: 0, y: 0, z: 0}
--- !u!33 &4874642973055884831
MeshFilter:
  m_ObjectHideFlags: 0
  m_CorrespondingSourceObject: {fileID: 0}
  m_PrefabInstance: {fileID: 0}
  m_PrefabAsset: {fileID: 0}
  m_GameObject: {fileID: 6986969163785083135}
  m_Mesh: {fileID: 10202, guid: 0000000000000000e000000000000000, type: 0}
--- !u!23 &7041313814138573351
MeshRenderer:
  m_ObjectHideFlags: 0
  m_CorrespondingSourceObject: {fileID: 0}
  m_PrefabInstance: {fileID: 0}
  m_PrefabAsset: {fileID: 0}
  m_GameObject: {fileID: 6986969163785083135}
  m_Enabled: 1
  m_CastShadows: 1
  m_ReceiveShadows: 1
  m_DynamicOccludee: 1
  m_MotionVectors: 1
  m_LightProbeUsage: 1
  m_ReflectionProbeUsage: 1
  m_RenderingLayerMask: 1
  m_RendererPriority: 0
  m_Materials:
  - {fileID: 2100000, guid: da027770d14434f8e9dc03435547d0eb, type: 2}
  m_StaticBatchInfo:
    firstSubMesh: 0
    subMeshCount: 0
  m_StaticBatchRoot: {fileID: 0}
  m_ProbeAnchor: {fileID: 0}
  m_LightProbeVolumeOverride: {fileID: 0}
  m_ScaleInLightmap: 1
  m_PreserveUVs: 0
  m_IgnoreNormalsForChartDetection: 0
  m_ImportantGI: 0
  m_StitchLightmapSeams: 1
  m_SelectedEditorRenderState: 3
  m_MinimumChartSize: 4
  m_AutoUVMaxDistance: 0.5
  m_AutoUVMaxAngle: 89
  m_LightmapParameters: {fileID: 0}
  m_SortingLayerID: 0
  m_SortingLayer: 0
  m_SortingOrder: 0
--- !u!65 &8195529045554106224
BoxCollider:
  m_ObjectHideFlags: 0
  m_CorrespondingSourceObject: {fileID: 0}
  m_PrefabInstance: {fileID: 0}
  m_PrefabAsset: {fileID: 0}
  m_GameObject: {fileID: 6986969163785083135}
  m_Material: {fileID: 0}
  m_IsTrigger: 0
  m_Enabled: 1
  serializedVersion: 2
  m_Size: {x: 1, y: 1, z: 1}
  m_Center: {x: 0, y: 0, z: 0}
--- !u!114 &4798263937393361502
MonoBehaviour:
  m_ObjectHideFlags: 0
  m_CorrespondingSourceObject: {fileID: 0}
  m_PrefabInstance: {fileID: 0}
  m_PrefabAsset: {fileID: 0}
  m_GameObject: {fileID: 6986969163785083135}
  m_Enabled: 1
  m_EditorHideFlags: 0
  m_Script: {fileID: 11500000, guid: 9eda34930b6fc4174b3a9c68594d56d5, type: 3}
  m_Name: 
  m_EditorClassIdentifier: 
--- !u!1 &8128827042290881976
GameObject:
  m_ObjectHideFlags: 0
  m_CorrespondingSourceObject: {fileID: 0}
  m_PrefabInstance: {fileID: 0}
  m_PrefabAsset: {fileID: 0}
  serializedVersion: 6
  m_Component:
  - component: {fileID: 5519398772131527030}
  m_Layer: 0
  m_Name: Obstacles
  m_TagString: Untagged
  m_Icon: {fileID: 0}
  m_NavMeshLayer: 0
  m_StaticEditorFlags: 0
  m_IsActive: 1
--- !u!4 &5519398772131527030
Transform:
  m_ObjectHideFlags: 0
  m_CorrespondingSourceObject: {fileID: 0}
  m_PrefabInstance: {fileID: 0}
  m_PrefabAsset: {fileID: 0}
  m_GameObject: {fileID: 8128827042290881976}
  m_LocalRotation: {x: 0, y: 0, z: 0, w: 1}
  m_LocalPosition: {x: 0, y: 0, z: 0.30999565}
  m_LocalScale: {x: 1, y: 1, z: 1}
  m_Children:
  - {fileID: 2082075383897865086}
  - {fileID: 7934870711030949996}
  - {fileID: 8856341587818324785}
  - {fileID: 1409294647400438002}
  - {fileID: 2047400489777236461}
  - {fileID: 740060690621607355}
  - {fileID: 3917150263839383496}
  - {fileID: 2592825384708919327}
  - {fileID: 2104841605791316827}
  - {fileID: 2932513399084057970}
  - {fileID: 1825678622393731478}
  - {fileID: 1415136089615987855}
  m_Father: {fileID: 3687829309399133188}
  m_RootOrder: 2
  m_LocalEulerAnglesHint: {x: 0, y: 0, z: 0}
--- !u!1 &8211388681985484449
GameObject:
  m_ObjectHideFlags: 0
  m_CorrespondingSourceObject: {fileID: 0}
  m_PrefabInstance: {fileID: 0}
  m_PrefabAsset: {fileID: 0}
  serializedVersion: 6
  m_Component:
  - component: {fileID: 8069022188199522739}
  m_Layer: 0
  m_Name: endPosition
  m_TagString: Untagged
  m_Icon: {fileID: 0}
  m_NavMeshLayer: 0
  m_StaticEditorFlags: 0
  m_IsActive: 1
--- !u!4 &8069022188199522739
Transform:
  m_ObjectHideFlags: 0
  m_CorrespondingSourceObject: {fileID: 0}
  m_PrefabInstance: {fileID: 0}
  m_PrefabAsset: {fileID: 0}
  m_GameObject: {fileID: 8211388681985484449}
  m_LocalRotation: {x: -0, y: -0, z: -0, w: 1}
  m_LocalPosition: {x: 19.1, y: 13.3, z: 107.66}
  m_LocalScale: {x: 1, y: 1, z: 1}
  m_Children: []
  m_Father: {fileID: 5163242267209687903}
  m_RootOrder: 0
  m_LocalEulerAnglesHint: {x: 0, y: 0, z: 0}
--- !u!1 &9058352116935704196
GameObject:
  m_ObjectHideFlags: 0
  m_CorrespondingSourceObject: {fileID: 0}
  m_PrefabInstance: {fileID: 0}
  m_PrefabAsset: {fileID: 0}
  serializedVersion: 6
  m_Component:
  - component: {fileID: 43160308369495135}
  - component: {fileID: 3494024432335250464}
  - component: {fileID: 5729453150144237195}
  - component: {fileID: 7031717297590277206}
  m_Layer: 0
  m_Name: border_down
  m_TagString: Untagged
  m_Icon: {fileID: 0}
  m_NavMeshLayer: 0
  m_StaticEditorFlags: 0
  m_IsActive: 1
--- !u!4 &43160308369495135
Transform:
  m_ObjectHideFlags: 0
  m_CorrespondingSourceObject: {fileID: 0}
  m_PrefabInstance: {fileID: 0}
  m_PrefabAsset: {fileID: 0}
  m_GameObject: {fileID: 9058352116935704196}
  m_LocalRotation: {x: -0, y: 0.70710576, z: -0, w: 0.7071079}
  m_LocalPosition: {x: 0.00206, y: -6.09, z: 0.2}
  m_LocalScale: {x: 0.1538, y: 1, z: 10.297785}
  m_Children: []
  m_Father: {fileID: 3687829309399133188}
  m_RootOrder: 9
  m_LocalEulerAnglesHint: {x: 0, y: 90.00001, z: 0}
--- !u!33 &3494024432335250464
MeshFilter:
  m_ObjectHideFlags: 0
  m_CorrespondingSourceObject: {fileID: 0}
  m_PrefabInstance: {fileID: 0}
  m_PrefabAsset: {fileID: 0}
  m_GameObject: {fileID: 9058352116935704196}
  m_Mesh: {fileID: 10202, guid: 0000000000000000e000000000000000, type: 0}
--- !u!23 &5729453150144237195
MeshRenderer:
  m_ObjectHideFlags: 0
  m_CorrespondingSourceObject: {fileID: 0}
  m_PrefabInstance: {fileID: 0}
  m_PrefabAsset: {fileID: 0}
  m_GameObject: {fileID: 9058352116935704196}
  m_Enabled: 1
  m_CastShadows: 1
  m_ReceiveShadows: 1
  m_DynamicOccludee: 1
  m_MotionVectors: 1
  m_LightProbeUsage: 1
  m_ReflectionProbeUsage: 1
  m_RenderingLayerMask: 1
  m_RendererPriority: 0
  m_Materials:
  - {fileID: 2100000, guid: f633a029a9aa946a9b4c33c85c07d5c7, type: 2}
  m_StaticBatchInfo:
    firstSubMesh: 0
    subMeshCount: 0
  m_StaticBatchRoot: {fileID: 0}
  m_ProbeAnchor: {fileID: 0}
  m_LightProbeVolumeOverride: {fileID: 0}
  m_ScaleInLightmap: 1
  m_PreserveUVs: 0
  m_IgnoreNormalsForChartDetection: 0
  m_ImportantGI: 0
  m_StitchLightmapSeams: 1
  m_SelectedEditorRenderState: 3
  m_MinimumChartSize: 4
  m_AutoUVMaxDistance: 0.5
  m_AutoUVMaxAngle: 89
  m_LightmapParameters: {fileID: 0}
  m_SortingLayerID: 0
  m_SortingLayer: 0
  m_SortingOrder: 0
--- !u!65 &7031717297590277206
BoxCollider:
  m_ObjectHideFlags: 0
  m_CorrespondingSourceObject: {fileID: 0}
  m_PrefabInstance: {fileID: 0}
  m_PrefabAsset: {fileID: 0}
  m_GameObject: {fileID: 9058352116935704196}
  m_Material: {fileID: 0}
  m_IsTrigger: 1
  m_Enabled: 1
  serializedVersion: 2
  m_Size: {x: 1, y: 1, z: 1}
  m_Center: {x: 0, y: 0, z: 0}
--- !u!1001 &200527425587966121
PrefabInstance:
  m_ObjectHideFlags: 0
  serializedVersion: 2
  m_Modification:
    m_TransformParent: {fileID: 5519398772131527030}
    m_Modifications:
    - target: {fileID: 8418006125307023866, guid: 13b8e65ae658e41879abab615b0bcb47,
        type: 3}
      propertyPath: m_Name
      value: slicer
      objectReference: {fileID: 0}
    - target: {fileID: 2392531059940270262, guid: 13b8e65ae658e41879abab615b0bcb47,
        type: 3}
      propertyPath: m_LocalPosition.x
      value: -0.1397003
      objectReference: {fileID: 0}
    - target: {fileID: 2392531059940270262, guid: 13b8e65ae658e41879abab615b0bcb47,
        type: 3}
      propertyPath: m_LocalPosition.y
      value: -3.2
      objectReference: {fileID: 0}
    - target: {fileID: 2392531059940270262, guid: 13b8e65ae658e41879abab615b0bcb47,
        type: 3}
      propertyPath: m_LocalPosition.z
      value: 30.75
      objectReference: {fileID: 0}
    - target: {fileID: 2392531059940270262, guid: 13b8e65ae658e41879abab615b0bcb47,
        type: 3}
      propertyPath: m_LocalRotation.x
      value: 0
      objectReference: {fileID: 0}
    - target: {fileID: 2392531059940270262, guid: 13b8e65ae658e41879abab615b0bcb47,
        type: 3}
      propertyPath: m_LocalRotation.y
      value: 0
      objectReference: {fileID: 0}
    - target: {fileID: 2392531059940270262, guid: 13b8e65ae658e41879abab615b0bcb47,
        type: 3}
      propertyPath: m_LocalRotation.z
      value: 0
      objectReference: {fileID: 0}
    - target: {fileID: 2392531059940270262, guid: 13b8e65ae658e41879abab615b0bcb47,
        type: 3}
      propertyPath: m_LocalRotation.w
      value: 1
      objectReference: {fileID: 0}
    - target: {fileID: 2392531059940270262, guid: 13b8e65ae658e41879abab615b0bcb47,
        type: 3}
      propertyPath: m_RootOrder
      value: 7
      objectReference: {fileID: 0}
    - target: {fileID: 2392531059940270262, guid: 13b8e65ae658e41879abab615b0bcb47,
        type: 3}
      propertyPath: m_LocalEulerAnglesHint.x
      value: 0
      objectReference: {fileID: 0}
    - target: {fileID: 2392531059940270262, guid: 13b8e65ae658e41879abab615b0bcb47,
        type: 3}
      propertyPath: m_LocalEulerAnglesHint.y
      value: 0
      objectReference: {fileID: 0}
    - target: {fileID: 2392531059940270262, guid: 13b8e65ae658e41879abab615b0bcb47,
        type: 3}
      propertyPath: m_LocalEulerAnglesHint.z
      value: 0
      objectReference: {fileID: 0}
    - target: {fileID: 2392531059940270262, guid: 13b8e65ae658e41879abab615b0bcb47,
        type: 3}
      propertyPath: m_LocalScale.x
      value: 0.76744
      objectReference: {fileID: 0}
    m_RemovedComponents: []
  m_SourcePrefab: {fileID: 100100000, guid: 13b8e65ae658e41879abab615b0bcb47, type: 3}
--- !u!4 &2592825384708919327 stripped
Transform:
  m_CorrespondingSourceObject: {fileID: 2392531059940270262, guid: 13b8e65ae658e41879abab615b0bcb47,
    type: 3}
  m_PrefabInstance: {fileID: 200527425587966121}
  m_PrefabAsset: {fileID: 0}
--- !u!1001 &416325196998541821
PrefabInstance:
  m_ObjectHideFlags: 0
  serializedVersion: 2
  m_Modification:
    m_TransformParent: {fileID: 5519398772131527030}
    m_Modifications:
    - target: {fileID: 4675194410374901377, guid: 23184be50340941a7be4b8b9fe188baf,
        type: 3}
      propertyPath: m_Name
      value: CubeObstacle (5)
      objectReference: {fileID: 0}
    - target: {fileID: 1606034147519568143, guid: 23184be50340941a7be4b8b9fe188baf,
        type: 3}
      propertyPath: m_LocalPosition.x
      value: -2.1000004
      objectReference: {fileID: 0}
    - target: {fileID: 1606034147519568143, guid: 23184be50340941a7be4b8b9fe188baf,
        type: 3}
      propertyPath: m_LocalPosition.y
      value: -4.758
      objectReference: {fileID: 0}
    - target: {fileID: 1606034147519568143, guid: 23184be50340941a7be4b8b9fe188baf,
        type: 3}
      propertyPath: m_LocalPosition.z
      value: 30.71
      objectReference: {fileID: 0}
    - target: {fileID: 1606034147519568143, guid: 23184be50340941a7be4b8b9fe188baf,
        type: 3}
      propertyPath: m_LocalRotation.x
      value: 0
      objectReference: {fileID: 0}
    - target: {fileID: 1606034147519568143, guid: 23184be50340941a7be4b8b9fe188baf,
        type: 3}
      propertyPath: m_LocalRotation.y
      value: 0
      objectReference: {fileID: 0}
    - target: {fileID: 1606034147519568143, guid: 23184be50340941a7be4b8b9fe188baf,
        type: 3}
      propertyPath: m_LocalRotation.z
      value: 0
      objectReference: {fileID: 0}
    - target: {fileID: 1606034147519568143, guid: 23184be50340941a7be4b8b9fe188baf,
        type: 3}
      propertyPath: m_LocalRotation.w
      value: 1
      objectReference: {fileID: 0}
    - target: {fileID: 1606034147519568143, guid: 23184be50340941a7be4b8b9fe188baf,
        type: 3}
      propertyPath: m_RootOrder
      value: 3
      objectReference: {fileID: 0}
    - target: {fileID: 1606034147519568143, guid: 23184be50340941a7be4b8b9fe188baf,
        type: 3}
      propertyPath: m_LocalEulerAnglesHint.x
      value: 0
      objectReference: {fileID: 0}
    - target: {fileID: 1606034147519568143, guid: 23184be50340941a7be4b8b9fe188baf,
        type: 3}
      propertyPath: m_LocalEulerAnglesHint.y
      value: 0
      objectReference: {fileID: 0}
    - target: {fileID: 1606034147519568143, guid: 23184be50340941a7be4b8b9fe188baf,
        type: 3}
      propertyPath: m_LocalEulerAnglesHint.z
      value: 0
      objectReference: {fileID: 0}
    - target: {fileID: 1606034147519568143, guid: 23184be50340941a7be4b8b9fe188baf,
        type: 3}
      propertyPath: m_LocalScale.x
      value: 0.40591463
      objectReference: {fileID: 0}
    - target: {fileID: 1606034147519568143, guid: 23184be50340941a7be4b8b9fe188baf,
        type: 3}
      propertyPath: m_LocalScale.z
      value: 0.2332
      objectReference: {fileID: 0}
    - target: {fileID: 1606034147519568143, guid: 23184be50340941a7be4b8b9fe188baf,
        type: 3}
      propertyPath: m_LocalScale.y
      value: 2.983
      objectReference: {fileID: 0}
    m_RemovedComponents: []
  m_SourcePrefab: {fileID: 100100000, guid: 23184be50340941a7be4b8b9fe188baf, type: 3}
--- !u!4 &1409294647400438002 stripped
Transform:
  m_CorrespondingSourceObject: {fileID: 1606034147519568143, guid: 23184be50340941a7be4b8b9fe188baf,
    type: 3}
  m_PrefabInstance: {fileID: 416325196998541821}
  m_PrefabAsset: {fileID: 0}
--- !u!1001 &426246894653042048
PrefabInstance:
  m_ObjectHideFlags: 0
  serializedVersion: 2
  m_Modification:
    m_TransformParent: {fileID: 5519398772131527030}
    m_Modifications:
    - target: {fileID: 4675194410374901377, guid: 23184be50340941a7be4b8b9fe188baf,
        type: 3}
      propertyPath: m_Name
      value: CubeObstacle (12)
      objectReference: {fileID: 0}
    - target: {fileID: 1606034147519568143, guid: 23184be50340941a7be4b8b9fe188baf,
        type: 3}
      propertyPath: m_LocalPosition.x
      value: 4.65
      objectReference: {fileID: 0}
    - target: {fileID: 1606034147519568143, guid: 23184be50340941a7be4b8b9fe188baf,
        type: 3}
      propertyPath: m_LocalPosition.y
      value: -4.758
      objectReference: {fileID: 0}
    - target: {fileID: 1606034147519568143, guid: 23184be50340941a7be4b8b9fe188baf,
        type: 3}
      propertyPath: m_LocalPosition.z
      value: 52.22
      objectReference: {fileID: 0}
    - target: {fileID: 1606034147519568143, guid: 23184be50340941a7be4b8b9fe188baf,
        type: 3}
      propertyPath: m_LocalRotation.x
      value: 0
      objectReference: {fileID: 0}
    - target: {fileID: 1606034147519568143, guid: 23184be50340941a7be4b8b9fe188baf,
        type: 3}
      propertyPath: m_LocalRotation.y
      value: 0
      objectReference: {fileID: 0}
    - target: {fileID: 1606034147519568143, guid: 23184be50340941a7be4b8b9fe188baf,
        type: 3}
      propertyPath: m_LocalRotation.z
      value: 0
      objectReference: {fileID: 0}
    - target: {fileID: 1606034147519568143, guid: 23184be50340941a7be4b8b9fe188baf,
        type: 3}
      propertyPath: m_LocalRotation.w
      value: 1
      objectReference: {fileID: 0}
    - target: {fileID: 1606034147519568143, guid: 23184be50340941a7be4b8b9fe188baf,
        type: 3}
      propertyPath: m_RootOrder
      value: 11
      objectReference: {fileID: 0}
    - target: {fileID: 1606034147519568143, guid: 23184be50340941a7be4b8b9fe188baf,
        type: 3}
      propertyPath: m_LocalEulerAnglesHint.x
      value: 0
      objectReference: {fileID: 0}
    - target: {fileID: 1606034147519568143, guid: 23184be50340941a7be4b8b9fe188baf,
        type: 3}
      propertyPath: m_LocalEulerAnglesHint.y
      value: 0
      objectReference: {fileID: 0}
    - target: {fileID: 1606034147519568143, guid: 23184be50340941a7be4b8b9fe188baf,
        type: 3}
      propertyPath: m_LocalEulerAnglesHint.z
      value: 0
      objectReference: {fileID: 0}
    - target: {fileID: 1606034147519568143, guid: 23184be50340941a7be4b8b9fe188baf,
        type: 3}
      propertyPath: m_LocalScale.x
      value: 0.7041116
      objectReference: {fileID: 0}
    - target: {fileID: 1606034147519568143, guid: 23184be50340941a7be4b8b9fe188baf,
        type: 3}
      propertyPath: m_LocalScale.z
      value: 0.2332
      objectReference: {fileID: 0}
    - target: {fileID: 1606034147519568143, guid: 23184be50340941a7be4b8b9fe188baf,
        type: 3}
      propertyPath: m_LocalScale.y
      value: 2.983
      objectReference: {fileID: 0}
    m_RemovedComponents: []
  m_SourcePrefab: {fileID: 100100000, guid: 23184be50340941a7be4b8b9fe188baf, type: 3}
--- !u!4 &1415136089615987855 stripped
Transform:
  m_CorrespondingSourceObject: {fileID: 1606034147519568143, guid: 23184be50340941a7be4b8b9fe188baf,
    type: 3}
  m_PrefabInstance: {fileID: 426246894653042048}
  m_PrefabAsset: {fileID: 0}
--- !u!1001 &580232230306884913
PrefabInstance:
  m_ObjectHideFlags: 0
  serializedVersion: 2
  m_Modification:
    m_TransformParent: {fileID: 5519398772131527030}
    m_Modifications:
    - target: {fileID: 1061829146421413983, guid: 983cf92ad47274f5ebec210546cfbaad,
        type: 3}
      propertyPath: m_Name
      value: ball_down-up
      objectReference: {fileID: 0}
    - target: {fileID: 7355280879050687837, guid: 983cf92ad47274f5ebec210546cfbaad,
        type: 3}
      propertyPath: m_LocalPosition.x
      value: -2.36
      objectReference: {fileID: 0}
    - target: {fileID: 7355280879050687837, guid: 983cf92ad47274f5ebec210546cfbaad,
        type: 3}
      propertyPath: m_LocalPosition.y
      value: -5.68
      objectReference: {fileID: 0}
    - target: {fileID: 7355280879050687837, guid: 983cf92ad47274f5ebec210546cfbaad,
        type: 3}
      propertyPath: m_LocalPosition.z
      value: 48.06
      objectReference: {fileID: 0}
    - target: {fileID: 7355280879050687837, guid: 983cf92ad47274f5ebec210546cfbaad,
        type: 3}
      propertyPath: m_LocalRotation.x
      value: 0
      objectReference: {fileID: 0}
    - target: {fileID: 7355280879050687837, guid: 983cf92ad47274f5ebec210546cfbaad,
        type: 3}
      propertyPath: m_LocalRotation.y
      value: 0
      objectReference: {fileID: 0}
    - target: {fileID: 7355280879050687837, guid: 983cf92ad47274f5ebec210546cfbaad,
        type: 3}
      propertyPath: m_LocalRotation.z
      value: 0
      objectReference: {fileID: 0}
    - target: {fileID: 7355280879050687837, guid: 983cf92ad47274f5ebec210546cfbaad,
        type: 3}
      propertyPath: m_LocalRotation.w
      value: 1
      objectReference: {fileID: 0}
    - target: {fileID: 7355280879050687837, guid: 983cf92ad47274f5ebec210546cfbaad,
        type: 3}
      propertyPath: m_RootOrder
      value: 1
      objectReference: {fileID: 0}
    - target: {fileID: 7355280879050687837, guid: 983cf92ad47274f5ebec210546cfbaad,
        type: 3}
      propertyPath: m_LocalEulerAnglesHint.x
      value: 0
      objectReference: {fileID: 0}
    - target: {fileID: 7355280879050687837, guid: 983cf92ad47274f5ebec210546cfbaad,
        type: 3}
      propertyPath: m_LocalEulerAnglesHint.y
      value: 0
      objectReference: {fileID: 0}
    - target: {fileID: 7355280879050687837, guid: 983cf92ad47274f5ebec210546cfbaad,
        type: 3}
      propertyPath: m_LocalEulerAnglesHint.z
      value: 0
      objectReference: {fileID: 0}
    m_RemovedComponents: []
  m_SourcePrefab: {fileID: 100100000, guid: 983cf92ad47274f5ebec210546cfbaad, type: 3}
--- !u!4 &7934870711030949996 stripped
Transform:
  m_CorrespondingSourceObject: {fileID: 7355280879050687837, guid: 983cf92ad47274f5ebec210546cfbaad,
    type: 3}
  m_PrefabInstance: {fileID: 580232230306884913}
  m_PrefabAsset: {fileID: 0}
--- !u!1001 &769204090681696881
PrefabInstance:
  m_ObjectHideFlags: 0
  serializedVersion: 2
  m_Modification:
    m_TransformParent: {fileID: 5519398772131527030}
    m_Modifications:
    - target: {fileID: 4675194410374901377, guid: 23184be50340941a7be4b8b9fe188baf,
        type: 3}
      propertyPath: m_Name
      value: CubeObstacle (3)
      objectReference: {fileID: 0}
    - target: {fileID: 1606034147519568143, guid: 23184be50340941a7be4b8b9fe188baf,
        type: 3}
      propertyPath: m_LocalPosition.x
      value: -4.63
      objectReference: {fileID: 0}
    - target: {fileID: 1606034147519568143, guid: 23184be50340941a7be4b8b9fe188baf,
        type: 3}
      propertyPath: m_LocalPosition.y
      value: -4.758
      objectReference: {fileID: 0}
    - target: {fileID: 1606034147519568143, guid: 23184be50340941a7be4b8b9fe188baf,
        type: 3}
      propertyPath: m_LocalPosition.z
      value: 15.68
      objectReference: {fileID: 0}
    - target: {fileID: 1606034147519568143, guid: 23184be50340941a7be4b8b9fe188baf,
        type: 3}
      propertyPath: m_LocalRotation.x
      value: 0
      objectReference: {fileID: 0}
    - target: {fileID: 1606034147519568143, guid: 23184be50340941a7be4b8b9fe188baf,
        type: 3}
      propertyPath: m_LocalRotation.y
      value: 0
      objectReference: {fileID: 0}
    - target: {fileID: 1606034147519568143, guid: 23184be50340941a7be4b8b9fe188baf,
        type: 3}
      propertyPath: m_LocalRotation.z
      value: 0
      objectReference: {fileID: 0}
    - target: {fileID: 1606034147519568143, guid: 23184be50340941a7be4b8b9fe188baf,
        type: 3}
      propertyPath: m_LocalRotation.w
      value: 1
      objectReference: {fileID: 0}
    - target: {fileID: 1606034147519568143, guid: 23184be50340941a7be4b8b9fe188baf,
        type: 3}
      propertyPath: m_RootOrder
      value: 0
      objectReference: {fileID: 0}
    - target: {fileID: 1606034147519568143, guid: 23184be50340941a7be4b8b9fe188baf,
        type: 3}
      propertyPath: m_LocalEulerAnglesHint.x
      value: 0
      objectReference: {fileID: 0}
    - target: {fileID: 1606034147519568143, guid: 23184be50340941a7be4b8b9fe188baf,
        type: 3}
      propertyPath: m_LocalEulerAnglesHint.y
      value: 0
      objectReference: {fileID: 0}
    - target: {fileID: 1606034147519568143, guid: 23184be50340941a7be4b8b9fe188baf,
        type: 3}
      propertyPath: m_LocalEulerAnglesHint.z
      value: 0
      objectReference: {fileID: 0}
    - target: {fileID: 1606034147519568143, guid: 23184be50340941a7be4b8b9fe188baf,
        type: 3}
      propertyPath: m_LocalScale.x
      value: 0.7041116
      objectReference: {fileID: 0}
    - target: {fileID: 1606034147519568143, guid: 23184be50340941a7be4b8b9fe188baf,
        type: 3}
      propertyPath: m_LocalScale.z
      value: 0.2332
      objectReference: {fileID: 0}
    - target: {fileID: 1606034147519568143, guid: 23184be50340941a7be4b8b9fe188baf,
        type: 3}
      propertyPath: m_LocalScale.y
      value: 2.983
      objectReference: {fileID: 0}
    m_RemovedComponents: []
  m_SourcePrefab: {fileID: 100100000, guid: 23184be50340941a7be4b8b9fe188baf, type: 3}
--- !u!4 &2082075383897865086 stripped
Transform:
  m_CorrespondingSourceObject: {fileID: 1606034147519568143, guid: 23184be50340941a7be4b8b9fe188baf,
    type: 3}
  m_PrefabInstance: {fileID: 769204090681696881}
  m_PrefabAsset: {fileID: 0}
--- !u!1001 &827573563965465172
PrefabInstance:
  m_ObjectHideFlags: 0
  serializedVersion: 2
  m_Modification:
    m_TransformParent: {fileID: 5519398772131527030}
    m_Modifications:
    - target: {fileID: 4675194410374901377, guid: 23184be50340941a7be4b8b9fe188baf,
        type: 3}
      propertyPath: m_Name
      value: CubeObstacle (8)
      objectReference: {fileID: 0}
    - target: {fileID: 1606034147519568143, guid: 23184be50340941a7be4b8b9fe188baf,
        type: 3}
      propertyPath: m_LocalPosition.x
      value: -1.63
      objectReference: {fileID: 0}
    - target: {fileID: 1606034147519568143, guid: 23184be50340941a7be4b8b9fe188baf,
        type: 3}
      propertyPath: m_LocalPosition.y
      value: -4.758
      objectReference: {fileID: 0}
    - target: {fileID: 1606034147519568143, guid: 23184be50340941a7be4b8b9fe188baf,
        type: 3}
      propertyPath: m_LocalPosition.z
      value: 22.68
      objectReference: {fileID: 0}
    - target: {fileID: 1606034147519568143, guid: 23184be50340941a7be4b8b9fe188baf,
        type: 3}
      propertyPath: m_LocalRotation.x
      value: 0
      objectReference: {fileID: 0}
    - target: {fileID: 1606034147519568143, guid: 23184be50340941a7be4b8b9fe188baf,
        type: 3}
      propertyPath: m_LocalRotation.y
      value: 0
      objectReference: {fileID: 0}
    - target: {fileID: 1606034147519568143, guid: 23184be50340941a7be4b8b9fe188baf,
        type: 3}
      propertyPath: m_LocalRotation.z
      value: 0
      objectReference: {fileID: 0}
    - target: {fileID: 1606034147519568143, guid: 23184be50340941a7be4b8b9fe188baf,
        type: 3}
      propertyPath: m_LocalRotation.w
      value: 1
      objectReference: {fileID: 0}
    - target: {fileID: 1606034147519568143, guid: 23184be50340941a7be4b8b9fe188baf,
        type: 3}
      propertyPath: m_RootOrder
      value: 8
      objectReference: {fileID: 0}
    - target: {fileID: 1606034147519568143, guid: 23184be50340941a7be4b8b9fe188baf,
        type: 3}
      propertyPath: m_LocalEulerAnglesHint.x
      value: 0
      objectReference: {fileID: 0}
    - target: {fileID: 1606034147519568143, guid: 23184be50340941a7be4b8b9fe188baf,
        type: 3}
      propertyPath: m_LocalEulerAnglesHint.y
      value: 0
      objectReference: {fileID: 0}
    - target: {fileID: 1606034147519568143, guid: 23184be50340941a7be4b8b9fe188baf,
        type: 3}
      propertyPath: m_LocalEulerAnglesHint.z
      value: 0
      objectReference: {fileID: 0}
    - target: {fileID: 1606034147519568143, guid: 23184be50340941a7be4b8b9fe188baf,
        type: 3}
      propertyPath: m_LocalScale.x
      value: 0.7041116
      objectReference: {fileID: 0}
    - target: {fileID: 1606034147519568143, guid: 23184be50340941a7be4b8b9fe188baf,
        type: 3}
      propertyPath: m_LocalScale.z
      value: 0.2332
      objectReference: {fileID: 0}
    - target: {fileID: 1606034147519568143, guid: 23184be50340941a7be4b8b9fe188baf,
        type: 3}
      propertyPath: m_LocalScale.y
      value: 2.983
      objectReference: {fileID: 0}
    m_RemovedComponents: []
  m_SourcePrefab: {fileID: 100100000, guid: 23184be50340941a7be4b8b9fe188baf, type: 3}
--- !u!4 &2104841605791316827 stripped
Transform:
  m_CorrespondingSourceObject: {fileID: 1606034147519568143, guid: 23184be50340941a7be4b8b9fe188baf,
    type: 3}
  m_PrefabInstance: {fileID: 827573563965465172}
  m_PrefabAsset: {fileID: 0}
--- !u!1001 &1089829897695695001
PrefabInstance:
  m_ObjectHideFlags: 0
  serializedVersion: 2
  m_Modification:
    m_TransformParent: {fileID: 5519398772131527030}
    m_Modifications:
    - target: {fileID: 4675194410374901377, guid: 23184be50340941a7be4b8b9fe188baf,
        type: 3}
      propertyPath: m_Name
      value: CubeObstacle (11)
      objectReference: {fileID: 0}
    - target: {fileID: 1606034147519568143, guid: 23184be50340941a7be4b8b9fe188baf,
        type: 3}
      propertyPath: m_LocalPosition.x
      value: 0
      objectReference: {fileID: 0}
    - target: {fileID: 1606034147519568143, guid: 23184be50340941a7be4b8b9fe188baf,
        type: 3}
      propertyPath: m_LocalPosition.y
      value: -4.758
      objectReference: {fileID: 0}
    - target: {fileID: 1606034147519568143, guid: 23184be50340941a7be4b8b9fe188baf,
        type: 3}
      propertyPath: m_LocalPosition.z
      value: 42.72
      objectReference: {fileID: 0}
    - target: {fileID: 1606034147519568143, guid: 23184be50340941a7be4b8b9fe188baf,
        type: 3}
      propertyPath: m_LocalRotation.x
      value: 0
      objectReference: {fileID: 0}
    - target: {fileID: 1606034147519568143, guid: 23184be50340941a7be4b8b9fe188baf,
        type: 3}
      propertyPath: m_LocalRotation.y
      value: 0
      objectReference: {fileID: 0}
    - target: {fileID: 1606034147519568143, guid: 23184be50340941a7be4b8b9fe188baf,
        type: 3}
      propertyPath: m_LocalRotation.z
      value: 0
      objectReference: {fileID: 0}
    - target: {fileID: 1606034147519568143, guid: 23184be50340941a7be4b8b9fe188baf,
        type: 3}
      propertyPath: m_LocalRotation.w
      value: 1
      objectReference: {fileID: 0}
    - target: {fileID: 1606034147519568143, guid: 23184be50340941a7be4b8b9fe188baf,
        type: 3}
      propertyPath: m_RootOrder
      value: 10
      objectReference: {fileID: 0}
    - target: {fileID: 1606034147519568143, guid: 23184be50340941a7be4b8b9fe188baf,
        type: 3}
      propertyPath: m_LocalEulerAnglesHint.x
      value: 0
      objectReference: {fileID: 0}
    - target: {fileID: 1606034147519568143, guid: 23184be50340941a7be4b8b9fe188baf,
        type: 3}
      propertyPath: m_LocalEulerAnglesHint.y
      value: 0
      objectReference: {fileID: 0}
    - target: {fileID: 1606034147519568143, guid: 23184be50340941a7be4b8b9fe188baf,
        type: 3}
      propertyPath: m_LocalEulerAnglesHint.z
      value: 0
      objectReference: {fileID: 0}
    - target: {fileID: 1606034147519568143, guid: 23184be50340941a7be4b8b9fe188baf,
        type: 3}
      propertyPath: m_LocalScale.x
      value: 0.7041116
      objectReference: {fileID: 0}
    - target: {fileID: 1606034147519568143, guid: 23184be50340941a7be4b8b9fe188baf,
        type: 3}
      propertyPath: m_LocalScale.z
      value: 0.2332
      objectReference: {fileID: 0}
    - target: {fileID: 1606034147519568143, guid: 23184be50340941a7be4b8b9fe188baf,
        type: 3}
      propertyPath: m_LocalScale.y
      value: 2.983
      objectReference: {fileID: 0}
    m_RemovedComponents: []
  m_SourcePrefab: {fileID: 100100000, guid: 23184be50340941a7be4b8b9fe188baf, type: 3}
--- !u!4 &1825678622393731478 stripped
Transform:
  m_CorrespondingSourceObject: {fileID: 1606034147519568143, guid: 23184be50340941a7be4b8b9fe188baf,
    type: 3}
  m_PrefabInstance: {fileID: 1089829897695695001}
  m_PrefabAsset: {fileID: 0}
--- !u!1001 &2021270479485416628
PrefabInstance:
  m_ObjectHideFlags: 0
  serializedVersion: 2
  m_Modification:
    m_TransformParent: {fileID: 5519398772131527030}
    m_Modifications:
    - target: {fileID: 4675194410374901377, guid: 23184be50340941a7be4b8b9fe188baf,
        type: 3}
      propertyPath: m_Name
      value: CubeObstacle (4)
      objectReference: {fileID: 0}
    - target: {fileID: 1606034147519568143, guid: 23184be50340941a7be4b8b9fe188baf,
        type: 3}
      propertyPath: m_LocalPosition.x
      value: 4.655
      objectReference: {fileID: 0}
    - target: {fileID: 1606034147519568143, guid: 23184be50340941a7be4b8b9fe188baf,
        type: 3}
      propertyPath: m_LocalPosition.y
      value: -4.758
      objectReference: {fileID: 0}
    - target: {fileID: 1606034147519568143, guid: 23184be50340941a7be4b8b9fe188baf,
        type: 3}
      propertyPath: m_LocalPosition.z
      value: 18.68
      objectReference: {fileID: 0}
    - target: {fileID: 1606034147519568143, guid: 23184be50340941a7be4b8b9fe188baf,
        type: 3}
      propertyPath: m_LocalRotation.x
      value: 0
      objectReference: {fileID: 0}
    - target: {fileID: 1606034147519568143, guid: 23184be50340941a7be4b8b9fe188baf,
        type: 3}
      propertyPath: m_LocalRotation.y
      value: 0
      objectReference: {fileID: 0}
    - target: {fileID: 1606034147519568143, guid: 23184be50340941a7be4b8b9fe188baf,
        type: 3}
      propertyPath: m_LocalRotation.z
      value: 0
      objectReference: {fileID: 0}
    - target: {fileID: 1606034147519568143, guid: 23184be50340941a7be4b8b9fe188baf,
        type: 3}
      propertyPath: m_LocalRotation.w
      value: 1
      objectReference: {fileID: 0}
    - target: {fileID: 1606034147519568143, guid: 23184be50340941a7be4b8b9fe188baf,
        type: 3}
      propertyPath: m_RootOrder
      value: 5
      objectReference: {fileID: 0}
    - target: {fileID: 1606034147519568143, guid: 23184be50340941a7be4b8b9fe188baf,
        type: 3}
      propertyPath: m_LocalEulerAnglesHint.x
      value: 0
      objectReference: {fileID: 0}
    - target: {fileID: 1606034147519568143, guid: 23184be50340941a7be4b8b9fe188baf,
        type: 3}
      propertyPath: m_LocalEulerAnglesHint.y
      value: 0
      objectReference: {fileID: 0}
    - target: {fileID: 1606034147519568143, guid: 23184be50340941a7be4b8b9fe188baf,
        type: 3}
      propertyPath: m_LocalEulerAnglesHint.z
      value: 0
      objectReference: {fileID: 0}
    - target: {fileID: 1606034147519568143, guid: 23184be50340941a7be4b8b9fe188baf,
        type: 3}
      propertyPath: m_LocalScale.x
      value: 0.6673987
      objectReference: {fileID: 0}
    - target: {fileID: 1606034147519568143, guid: 23184be50340941a7be4b8b9fe188baf,
        type: 3}
      propertyPath: m_LocalScale.z
      value: 0.2332
      objectReference: {fileID: 0}
    - target: {fileID: 1606034147519568143, guid: 23184be50340941a7be4b8b9fe188baf,
        type: 3}
      propertyPath: m_LocalScale.y
      value: 2.983
      objectReference: {fileID: 0}
    m_RemovedComponents: []
  m_SourcePrefab: {fileID: 100100000, guid: 23184be50340941a7be4b8b9fe188baf, type: 3}
--- !u!4 &740060690621607355 stripped
Transform:
  m_CorrespondingSourceObject: {fileID: 1606034147519568143, guid: 23184be50340941a7be4b8b9fe188baf,
    type: 3}
  m_PrefabInstance: {fileID: 2021270479485416628}
  m_PrefabAsset: {fileID: 0}
--- !u!1001 &2311829736142423751
PrefabInstance:
  m_ObjectHideFlags: 0
  serializedVersion: 2
  m_Modification:
    m_TransformParent: {fileID: 5519398772131527030}
    m_Modifications:
    - target: {fileID: 4675194410374901377, guid: 23184be50340941a7be4b8b9fe188baf,
        type: 3}
      propertyPath: m_Name
      value: CubeObstacle (10)
      objectReference: {fileID: 0}
    - target: {fileID: 1606034147519568143, guid: 23184be50340941a7be4b8b9fe188baf,
        type: 3}
      propertyPath: m_LocalPosition.x
      value: 1.8
      objectReference: {fileID: 0}
    - target: {fileID: 1606034147519568143, guid: 23184be50340941a7be4b8b9fe188baf,
        type: 3}
      propertyPath: m_LocalPosition.y
      value: -4.758
      objectReference: {fileID: 0}
    - target: {fileID: 1606034147519568143, guid: 23184be50340941a7be4b8b9fe188baf,
        type: 3}
      propertyPath: m_LocalPosition.z
      value: 30.71
      objectReference: {fileID: 0}
    - target: {fileID: 1606034147519568143, guid: 23184be50340941a7be4b8b9fe188baf,
        type: 3}
      propertyPath: m_LocalRotation.x
      value: 0
      objectReference: {fileID: 0}
    - target: {fileID: 1606034147519568143, guid: 23184be50340941a7be4b8b9fe188baf,
        type: 3}
      propertyPath: m_LocalRotation.y
      value: 0
      objectReference: {fileID: 0}
    - target: {fileID: 1606034147519568143, guid: 23184be50340941a7be4b8b9fe188baf,
        type: 3}
      propertyPath: m_LocalRotation.z
      value: 0
      objectReference: {fileID: 0}
    - target: {fileID: 1606034147519568143, guid: 23184be50340941a7be4b8b9fe188baf,
        type: 3}
      propertyPath: m_LocalRotation.w
      value: 1
      objectReference: {fileID: 0}
    - target: {fileID: 1606034147519568143, guid: 23184be50340941a7be4b8b9fe188baf,
        type: 3}
      propertyPath: m_RootOrder
      value: 6
      objectReference: {fileID: 0}
    - target: {fileID: 1606034147519568143, guid: 23184be50340941a7be4b8b9fe188baf,
        type: 3}
      propertyPath: m_LocalEulerAnglesHint.x
      value: 0
      objectReference: {fileID: 0}
    - target: {fileID: 1606034147519568143, guid: 23184be50340941a7be4b8b9fe188baf,
        type: 3}
      propertyPath: m_LocalEulerAnglesHint.y
      value: 0
      objectReference: {fileID: 0}
    - target: {fileID: 1606034147519568143, guid: 23184be50340941a7be4b8b9fe188baf,
        type: 3}
      propertyPath: m_LocalEulerAnglesHint.z
      value: 0
      objectReference: {fileID: 0}
    - target: {fileID: 1606034147519568143, guid: 23184be50340941a7be4b8b9fe188baf,
        type: 3}
      propertyPath: m_LocalScale.x
      value: 0.40591463
      objectReference: {fileID: 0}
    - target: {fileID: 1606034147519568143, guid: 23184be50340941a7be4b8b9fe188baf,
        type: 3}
      propertyPath: m_LocalScale.z
      value: 0.2332
      objectReference: {fileID: 0}
    - target: {fileID: 1606034147519568143, guid: 23184be50340941a7be4b8b9fe188baf,
        type: 3}
      propertyPath: m_LocalScale.y
      value: 2.983
      objectReference: {fileID: 0}
    m_RemovedComponents: []
  m_SourcePrefab: {fileID: 100100000, guid: 23184be50340941a7be4b8b9fe188baf, type: 3}
--- !u!4 &3917150263839383496 stripped
Transform:
  m_CorrespondingSourceObject: {fileID: 1606034147519568143, guid: 23184be50340941a7be4b8b9fe188baf,
    type: 3}
  m_PrefabInstance: {fileID: 2311829736142423751}
  m_PrefabAsset: {fileID: 0}
--- !u!1001 &2740300251700218612
PrefabInstance:
  m_ObjectHideFlags: 0
  serializedVersion: 2
  m_Modification:
    m_TransformParent: {fileID: 5519398772131527030}
    m_Modifications:
    - target: {fileID: 8233558866688646396, guid: 4fb7aca3dec99405393438b042479575,
        type: 3}
      propertyPath: m_Name
      value: fan
      objectReference: {fileID: 0}
    - target: {fileID: 6696724343011895749, guid: 4fb7aca3dec99405393438b042479575,
        type: 3}
      propertyPath: m_LocalPosition.x
      value: -1.5
      objectReference: {fileID: 0}
    - target: {fileID: 6696724343011895749, guid: 4fb7aca3dec99405393438b042479575,
        type: 3}
      propertyPath: m_LocalPosition.y
      value: -5.68
      objectReference: {fileID: 0}
    - target: {fileID: 6696724343011895749, guid: 4fb7aca3dec99405393438b042479575,
        type: 3}
      propertyPath: m_LocalPosition.z
      value: 55.46
      objectReference: {fileID: 0}
    - target: {fileID: 6696724343011895749, guid: 4fb7aca3dec99405393438b042479575,
        type: 3}
      propertyPath: m_LocalRotation.x
      value: 0
      objectReference: {fileID: 0}
    - target: {fileID: 6696724343011895749, guid: 4fb7aca3dec99405393438b042479575,
        type: 3}
      propertyPath: m_LocalRotation.y
      value: 0
      objectReference: {fileID: 0}
    - target: {fileID: 6696724343011895749, guid: 4fb7aca3dec99405393438b042479575,
        type: 3}
      propertyPath: m_LocalRotation.z
      value: 0
      objectReference: {fileID: 0}
    - target: {fileID: 6696724343011895749, guid: 4fb7aca3dec99405393438b042479575,
        type: 3}
      propertyPath: m_LocalRotation.w
      value: 1
      objectReference: {fileID: 0}
    - target: {fileID: 6696724343011895749, guid: 4fb7aca3dec99405393438b042479575,
        type: 3}
      propertyPath: m_RootOrder
      value: 2
      objectReference: {fileID: 0}
    - target: {fileID: 6696724343011895749, guid: 4fb7aca3dec99405393438b042479575,
        type: 3}
      propertyPath: m_LocalEulerAnglesHint.x
      value: 0
      objectReference: {fileID: 0}
    - target: {fileID: 6696724343011895749, guid: 4fb7aca3dec99405393438b042479575,
        type: 3}
      propertyPath: m_LocalEulerAnglesHint.y
      value: 64.50001
      objectReference: {fileID: 0}
    - target: {fileID: 6696724343011895749, guid: 4fb7aca3dec99405393438b042479575,
        type: 3}
      propertyPath: m_LocalEulerAnglesHint.z
      value: 0
      objectReference: {fileID: 0}
    m_RemovedComponents: []
  m_SourcePrefab: {fileID: 100100000, guid: 4fb7aca3dec99405393438b042479575, type: 3}
--- !u!4 &8856341587818324785 stripped
Transform:
  m_CorrespondingSourceObject: {fileID: 6696724343011895749, guid: 4fb7aca3dec99405393438b042479575,
    type: 3}
  m_PrefabInstance: {fileID: 2740300251700218612}
  m_PrefabAsset: {fileID: 0}
--- !u!1001 &4538404575462792317
PrefabInstance:
  m_ObjectHideFlags: 0
  serializedVersion: 2
  m_Modification:
    m_TransformParent: {fileID: 5519398772131527030}
    m_Modifications:
    - target: {fileID: 4675194410374901377, guid: 23184be50340941a7be4b8b9fe188baf,
        type: 3}
      propertyPath: m_Name
      value: CubeObstacle (9)
      objectReference: {fileID: 0}
    - target: {fileID: 1606034147519568143, guid: 23184be50340941a7be4b8b9fe188baf,
        type: 3}
      propertyPath: m_LocalPosition.x
      value: 4.655
      objectReference: {fileID: 0}
    - target: {fileID: 1606034147519568143, guid: 23184be50340941a7be4b8b9fe188baf,
        type: 3}
      propertyPath: m_LocalPosition.y
      value: -4.758
      objectReference: {fileID: 0}
    - target: {fileID: 1606034147519568143, guid: 23184be50340941a7be4b8b9fe188baf,
        type: 3}
      propertyPath: m_LocalPosition.z
      value: 26.68
      objectReference: {fileID: 0}
    - target: {fileID: 1606034147519568143, guid: 23184be50340941a7be4b8b9fe188baf,
        type: 3}
      propertyPath: m_LocalRotation.x
      value: 0
      objectReference: {fileID: 0}
    - target: {fileID: 1606034147519568143, guid: 23184be50340941a7be4b8b9fe188baf,
        type: 3}
      propertyPath: m_LocalRotation.y
      value: 0
      objectReference: {fileID: 0}
    - target: {fileID: 1606034147519568143, guid: 23184be50340941a7be4b8b9fe188baf,
        type: 3}
      propertyPath: m_LocalRotation.z
      value: 0
      objectReference: {fileID: 0}
    - target: {fileID: 1606034147519568143, guid: 23184be50340941a7be4b8b9fe188baf,
        type: 3}
      propertyPath: m_LocalRotation.w
      value: 1
      objectReference: {fileID: 0}
    - target: {fileID: 1606034147519568143, guid: 23184be50340941a7be4b8b9fe188baf,
        type: 3}
      propertyPath: m_RootOrder
      value: 9
      objectReference: {fileID: 0}
    - target: {fileID: 1606034147519568143, guid: 23184be50340941a7be4b8b9fe188baf,
        type: 3}
      propertyPath: m_LocalEulerAnglesHint.x
      value: 0
      objectReference: {fileID: 0}
    - target: {fileID: 1606034147519568143, guid: 23184be50340941a7be4b8b9fe188baf,
        type: 3}
      propertyPath: m_LocalEulerAnglesHint.y
      value: 0
      objectReference: {fileID: 0}
    - target: {fileID: 1606034147519568143, guid: 23184be50340941a7be4b8b9fe188baf,
        type: 3}
      propertyPath: m_LocalEulerAnglesHint.z
      value: 0
      objectReference: {fileID: 0}
    - target: {fileID: 1606034147519568143, guid: 23184be50340941a7be4b8b9fe188baf,
        type: 3}
      propertyPath: m_LocalScale.x
      value: 0.6673987
      objectReference: {fileID: 0}
    - target: {fileID: 1606034147519568143, guid: 23184be50340941a7be4b8b9fe188baf,
        type: 3}
      propertyPath: m_LocalScale.z
      value: 0.2332
      objectReference: {fileID: 0}
    - target: {fileID: 1606034147519568143, guid: 23184be50340941a7be4b8b9fe188baf,
        type: 3}
      propertyPath: m_LocalScale.y
      value: 2.983
      objectReference: {fileID: 0}
    m_RemovedComponents: []
  m_SourcePrefab: {fileID: 100100000, guid: 23184be50340941a7be4b8b9fe188baf, type: 3}
--- !u!4 &2932513399084057970 stripped
Transform:
  m_CorrespondingSourceObject: {fileID: 1606034147519568143, guid: 23184be50340941a7be4b8b9fe188baf,
    type: 3}
  m_PrefabInstance: {fileID: 4538404575462792317}
  m_PrefabAsset: {fileID: 0}
--- !u!1001 &6679419464804154580
PrefabInstance:
  m_ObjectHideFlags: 0
  serializedVersion: 2
  m_Modification:
    m_TransformParent: {fileID: 5519398772131527030}
    m_Modifications:
    - target: {fileID: 3687089708409810041, guid: a8ad9a58bfa3a4da6a91d0bd0710974b,
        type: 3}
      propertyPath: m_Name
      value: ball_up-down
      objectReference: {fileID: 0}
    - target: {fileID: 4673543962304787769, guid: a8ad9a58bfa3a4da6a91d0bd0710974b,
        type: 3}
      propertyPath: m_LocalPosition.x
      value: 2.02
      objectReference: {fileID: 0}
    - target: {fileID: 4673543962304787769, guid: a8ad9a58bfa3a4da6a91d0bd0710974b,
        type: 3}
      propertyPath: m_LocalPosition.y
      value: -5.68
      objectReference: {fileID: 0}
    - target: {fileID: 4673543962304787769, guid: a8ad9a58bfa3a4da6a91d0bd0710974b,
        type: 3}
      propertyPath: m_LocalPosition.z
      value: 36.57
      objectReference: {fileID: 0}
    - target: {fileID: 4673543962304787769, guid: a8ad9a58bfa3a4da6a91d0bd0710974b,
        type: 3}
      propertyPath: m_LocalRotation.x
      value: 0
      objectReference: {fileID: 0}
    - target: {fileID: 4673543962304787769, guid: a8ad9a58bfa3a4da6a91d0bd0710974b,
        type: 3}
      propertyPath: m_LocalRotation.y
      value: 1
      objectReference: {fileID: 0}
    - target: {fileID: 4673543962304787769, guid: a8ad9a58bfa3a4da6a91d0bd0710974b,
        type: 3}
      propertyPath: m_LocalRotation.z
      value: 0
      objectReference: {fileID: 0}
    - target: {fileID: 4673543962304787769, guid: a8ad9a58bfa3a4da6a91d0bd0710974b,
        type: 3}
      propertyPath: m_LocalRotation.w
      value: -0.00000004371139
      objectReference: {fileID: 0}
    - target: {fileID: 4673543962304787769, guid: a8ad9a58bfa3a4da6a91d0bd0710974b,
        type: 3}
      propertyPath: m_RootOrder
      value: 4
      objectReference: {fileID: 0}
    - target: {fileID: 4673543962304787769, guid: a8ad9a58bfa3a4da6a91d0bd0710974b,
        type: 3}
      propertyPath: m_LocalEulerAnglesHint.x
      value: 0
      objectReference: {fileID: 0}
    - target: {fileID: 4673543962304787769, guid: a8ad9a58bfa3a4da6a91d0bd0710974b,
        type: 3}
      propertyPath: m_LocalEulerAnglesHint.y
      value: 190.93098
      objectReference: {fileID: 0}
    - target: {fileID: 4673543962304787769, guid: a8ad9a58bfa3a4da6a91d0bd0710974b,
        type: 3}
      propertyPath: m_LocalEulerAnglesHint.z
      value: 0
      objectReference: {fileID: 0}
    m_RemovedComponents: []
  m_SourcePrefab: {fileID: 100100000, guid: a8ad9a58bfa3a4da6a91d0bd0710974b, type: 3}
--- !u!4 &2047400489777236461 stripped
Transform:
  m_CorrespondingSourceObject: {fileID: 4673543962304787769, guid: a8ad9a58bfa3a4da6a91d0bd0710974b,
    type: 3}
  m_PrefabInstance: {fileID: 6679419464804154580}
  m_PrefabAsset: {fileID: 0}
